2838 4792
452 384 815 504 'annonario
1018 409 1148 460 xmo
1292 325 1294 328 ⁵

124 576 360 656 interemto
385 572 551 655 demum
567 559 687 678 patre,
710 594 836 654 matre
851 589 983 663 antem
1000 575 1051 660 in
1066 577 1148 654 exi·
1173 625 1178 636 1
1225 605 1229 620 ·
1255 579 1269 614 '¹

123 716 242 790 lium
263 727 368 804 acta,
405 735 428 784 a
446 735 597 812 magno
620 715 821 790 avunculo
846 713 1082 792 Domitiano
1103 712 1149 788 in

124 849 313 926 rhetoris
331 841 460 922 nostri
488 843 737 948 disciplinam
756 845 849 924 sunt
866 847 1012 934 traditi.
1070 849 1177 926 Ha·-

7 1019 8 1022 ¹
122 983 204 1059 bet
233 979 327 1057 lane
364 977 477 1084 quod
504 977 709 1082 displiceat
742 983 876 1060 honor
908 971 981 1058 iste
1012 1005 1149 1072 noua
1209 1000 1216 1034 ⁸
1253 1035 1255 1042 ,
1338 1013 1343 1030 ·

126 1114 341 1218 discipulo
372 1113 569 1216 quaesitus
598 1119 861 1222 Quintiliano,
886 1117 956 1196 led
977 1117 1025 1196 ab
1044 1124 1153 1215 ejus«

125 1248 243 1329 dem
260 1266 384 1353 patre,
429 1249 665 1352 etquidem
692 1266 902 1354 antequam
935 1251 1067 1332 lilium
1099 1253 1147 1332 ab

128 1385 223 1467 hm
252 1401 505 1488 praeceptore
531 1384 758 1464 institutum
791 1389 844 1462 iri
872 1379 1006 1464 nollet.
1071 1359 1164 1466 Sed'

126 1520 246 1624 quid
275 1521 467 1623 impedit,
504 1547 587 1623 quo
613 1524 748 1599 minus
772 1520 855 1624 ipse
876 1523 1038 1598 Flavius
1059 1523 1151 1601 Cle·

126 1682 277 1747 mens,
322 1649 473 1736 horum
501 1683 722 1760 puerorum
752 1675 882 1760 pater,
930 1654 1150 1760 discipulus

128 1789 268 1870 fuerit
296 1793 539 1899 Quintiliani
564 1795 683 1898 eique
707 1793 786 1872 hoc
815 1793 937 1874 decus
963 1794 1148 1894 impetra·

130 1931 266 2018 verit,
295 1953 389 2004 cum
405 1930 528 2030 gratia
548 1926 709 2006 floreret
726 1927 809 2030 ipse
829 1927 937 2031 apud
949 1929 1149 2006 Domitia-

132 2090 241 2140 num
262 2065 514 2164 patruelem?
551 2067 598 2140 In
620 2065 694 2140 hac
710 2049 804 2166 e‘rgo
823 2065 977 2142 ratione
994 2060 1148 2142 Consu·

134 2199 293 2276 laribue
339 2200 581 2278 ornamentis
604 2179 923 2278 ⁴condecoratum
955 2198 1147 2277 habemus

137 2335 347 2412 rhetorem
381 2337 500 2410 etiam
530 2349 743 2435 antequam
773 2335 973 2435 principes
1000 2355 1148 2432 pueros

138 2467 373 2546 educandos
395 2465 607 2570 accepiffet,
634 2451 789 2544 fortalle
807 2478 1021 2567 antequam
1045 2489 1149 2568 opus
1286 2521 1292 2532 -

146 2601 225 2680 lroc
247 2603 441 2681 nostrum*
457 2605 675 2680 inchoaret.
733 2606 783 2678 Et
804 2599 895 2690 sarra
919 2599 1027 2676 lilius
1051 2606 1148 2692 ejus,
1286 2647 1296 2672 .

156 2735 254 2812 tium
271 2719 377 2839 pater
404 2737 520 2815 hosce
545 2739 670 2816 libros
696 2737 921 2838 componit,
953 2725 1149 2825 mortuae,
1217 2729 1230 2750 ’
1256 2841 1258 2846 ,

151 2869 367 2962 „consulari
392 2899 524 2974 nuper
544 2875 758 2976 adoptione
783 2870 833 2947 ad
859 2871 1043 2950 omnitun
1063 2868 1149 2974 spes

144 3006 373 3098 „honorum
392 3011 515 3109 patris
535 3007 752 3088 admotns“¹
771 3007 920 3084 (licitur
941 3033 965 3082 a
986 3025 1150 3108 parente

140 3143 216 3226 lib.
238 3151 273 3219 6.
302 3149 483 3220 Prooem.
513 3164 575 3232 13·
634 3144 710 3222 sed
733 3159 851 3242 pater
872 3141 949 3219 ille'
965 3140 1147 3243 profecto

138 3275 201 3354 est
234 3278 466 3381 adoptivusq
506 3283 547 3355 et
573 3303 629 3355 ne
664 3295 765 3356 certa
790 3278 956 3379 quidem
976 3274 1032 3352 est
1055 3273 1149 3348 scri·
1237 3331 1240 3334 .

134 3427 263 3516 ptura
283 3414 406 3510 hujus
425 3415 547 3492 vocis.
614 3419 661 3492 In
685 3431 795 3492 tanto
817 3413 1024 3490 honorum
1043 3401 1149 3484 fasti·

133 3549 212 3650 gio
230 3549 454 3662 collocatus
477 3549 607 3628 oblata
630 3575 653 3624 a
675 3549 808 3626 Plinio
828 3551 861 3622 L
879 3547 1007 3624 millia
1030 3567 1144 3620 num-

133 3705 260 3764 mum
280 3685 352 3760 vix
372 3687 509 3786 potuit
534 3711 619 3762 non
644 3681 865 3783 indignari,
892 3673 961 3756 led
982 3705 1041 3756 ne·
1058 3677 1147 3758 ido·

135 3841 245 3896 neus
272 3801 441 3920 quidem
465 3819 648 3908 videtur,
695 3819 768 3916 qui
798 3815 1030 3900 aluvemle
1064 3829 1148 3890 tan·

135 3977 265 4054 quam
290 3969 522 4056 temporum
536 3954 709 4032 luorum
724 3947 877 4053 insigne
899 3929 1035 4030 divitis
1057 3949 1148 4024 rhe-
1197 4001 1198 4006 a
1292 4039 1298 4048 θ

135 4092 241 4170 roris
268 4091 499 4194 exemplum
520 4089 746 4186 ostentetur.
804 4065 942 4166 Refert
969 4085 1078 4160 euim
1099 4081 1149 4157 ad

764 4251 786 4298 G
