2870 4792
282 430 354 498 230
454 431 457 444 ·
518 409 574 487 Μ.
598 411 698 482 Fau.
726 401 1040 506 'QUINTILIANI

279 599 510 702 frequenter
529 601 572 674 in
585 597 728 702 causas.
759 599 915 697 nannle
931 599 1108 674 terminis
1120 595 1282 678 mensu·

96 783 100 790 .
168 767 171 780 ·
283 719 416 818 risque
431 713 521 790 sunt
535 715 641 790 lites:
666 711 734 790 sed
746 713 1066 807 habetmajorem
1079 711 1296 812 quandam.

237 833 402 908 eraliam
430 856 523 905 cum
550 843 630 903 arte
659 831 827 906 oratoria
858 831 1143 929 cognationem.
1197 833 1281 910 lam

161 1041 165 1049 f
283 949 461 1050 primum
475 943 575 1021 ordo
590 941 645 1018 est
657 948 894 1051 geometriae
909 941 1155 1018 necessarius:
1178 969 1281 1018 non·

284 1087 336 1138 ne
363 1077 402 1136 et
430 1059 693 1158 eloquentiae?
748 1063 806 1134 Ex
834 1060 1034 1160 prioribus
1068 1060 1283 1158 geometria

284 1178 428 1278 probat
447 1171 712 1270 insequentia,
747 1191 786 1249 et
806 1178 919 1249 certis
937 1177 1110 1261 incerta:
1146 1197 1282 1250 nonne

159 1341 164 1357 -
284 1291 330 1368 id
348 1293 393 1366 in
415 1289 585 1366 dicendo
603 1287 794 1364 facimus?
854 1289 989 1394 Quid?
1020 1289 1088 1364 illa
1105 1285 1283 1392 proposi-

286 1422 417 1482 tarum
438 1403 715 1506 quaestionum
738 1383 956 1492 conclusio,
982 1430 1066 1480 non
1091 1419 1172 1523 τοίω
1200 1401 1285 1477 sera

286 1511 435 1597 constat
457 1517 720 1620 syllogismis?
747 1536 911 1620 propter
932 1519 1044 1618 quod
1062 1521 1197 1620 plures
1222 1521 1286 1592 in-

286 1637 441 1722 venias,
480 1617 553 1733 qlri
582 1633 805 1709 dialecticae
841 1631 1027 1724 similem,
1065 1659 1185 1733 quam
1212 1635 1285 1733 qui

285 1749 524 1837 rhetoricae,
554 1747 749 1843 fateantur
766 1749 867 1824 hanc
886 1765 1018 1824 artem.
1077 1753 1226 1826 Verum
1246 1764 1286 1824 et

286 1879 438 1951 orator,
478 1861 626 1938 etiamst
647 1887 757 1953 raro,
793 1889 877 1940 non
904 1881 1034 1939 tamen
1058 1889 1286 1962 nunquam,

240 1977 472 2080 asprobabit
497 1976 709 2054 dialectice.
769 1981 875 2054 Nam
904 1997 942 2054 et
972 1976 1227 2082 syllogismis,
1256 1975 1286 2052 si

287 2119 349 2170 res
365 2089 515 2194 poscet,
540 2108 693 2168 utetur:
721 2109 879 2170 atcerte
897 2093 1185 2194 eruhymematc,
1201 2096 1287 2192 ·qui

287 2209 511 2286 rhetoricus
535 2205 590 2282 est
616 2205 877 2309 syllogismus.
905 2225 908 2234 ·
936 2212 1121 2310 Dcnique
1145 2209 1288 2310 proba-

288 2325 468 2414 tionum,
503 2349 605 2424 quae
639 2315 729 2400 sunt
762 2323 1060 2426 potentissimae,
1098 2335 1289 2429 yguumxal

288 2433 471 2540 ἀποδείξεις
497 2435 622 2539 vulgo
649 2439 848 2516 dicuntur.
889 2439 986 2538 quid
1014 2456 1146 2515 autem
1166 2441 1290 2538 magis

244 2555 440 2644 sacratio,
464 2579 583 2654 quam
600 2555 878 2654 probationem
891 2557 1014 2654 petit?
1069 2553 1176 2632 Falsa
1189 2581 1290 2654 quo·

289 2691 370 2768 que
395 2662 624 2742 verisimilia
652 2675 870 2775 geometria
893 2673 1044 2746 ratione
1070 2669 1291 2770 deprehen·

224 2870 226 2874 ¹
289 2779 360 2856 dit.
420 2781 483 2858 Fit
496 2781 573 2859 hoc
589 2785 683 2858 etin
699 2791 877 2862 numeris
890 2811 962 2886 per
976 2785 1176 2886 quasdam,
1194 2811 1290 2884 quas

290 2891 555 3006 ψευδογραφίας
569 2916 731 2989 vocant,
745 2902 891 3002 quibus
908 2903 1025 3002 pueri
1038 2899 1178 2976 ludere
1192 2899 1292 2978 sole·

355 3077 419 3134 Jam
433 3081 554 3154 primum.
600 3081 783 3138 Guels.¹Nam
798 3085 875 3156 prim.
919 3079 1000 3138 Solus
1016 3083 1047 3156 ni
1067 3081 1086 3138 s.
1129 3083 1291 3150 Blrrulitur¹

273 3181 355 3225 *eum
381 3164 438 3218 lam
458 3161 575 3242 tn'geau
598 3166 641 3220 sed
659 3165 744 3222 obstat
765 3165 842 3240 quod
867 3167 1005 3242 sequentia
1027 3161 1161 3224 dicuutur
1183 3169 1217 3224 de
1236 3186 1294 3228 tote

290 3251 457 3324 geometria,
478 3265 537 3301 non
553 3248 587 3302 de
604 3247 657 3304 sola
679 3251 776 3306 lineari
794 3255 911 3314 ratione,
933 3269 1016 3326 quam
1032 3269 1082 3306 nos
1099 3253 1212 3325 quidem
1229 3255 1295 3312 sole·

290 3351 356 3390 mur
378 3351 465 3406 geom.
490 3330 635 3408 appellare.
677 3333 801 3392 Vicissim
824 3353 894 3408 quae
918 3349 1110 3391 memorantur
1127 3357 1195 3394 mox
1211 3337 1235 3406 i.
1254 3349 1293 3410 38

290 3433 398 3492 γριμμ.
418 3405 494 3471 eines.
516 3417 605 3496 magia
625 3415 659 3472 ed
682 3420 807 3474 linearem
830 3435 881 3474 rut.
903 3419 986 3475 solam
1003 3423 1135 3496 spectant.
1156 3441 1239 3494 quam
1257 3423 1292 3480 ad

291 3516 448 3574 utramque.
489 3507 499 3532 l
624 3499 782 3579 remma·
804 3495 880 3558 dnos.
933 3503 1026 3560 Guels.
1051 3519 1079 3560 et
1104 3505 1192 3560 Goth.
1218 3511 1290 3578 (tac.

292 3585 394 3656 θείη.)
426 3589 597 3659 grammatico
625 3587 762 3661 apodixis.
800 3605 864 3644 etim
893 3587 966 3645 alm.
993 3603 1020 3644 et
1042 3587 1104 3643 edd.
1129 3591 1201 3648 Veu.
1226 3591 1291 3648 Ald.

290 3671 405 3728 Rectam
436 3668 598 3743 scripturam
627 3671 805 3743 conjectando
828 3674 950 3728 restituit
974 3673 1096 3750 Regius,
1123 3676 1174 3748 qui
1197 3697 1294 3750 graece

290 3770 345 3828 pro
361 3771 469 3832 γμμμ.
485 3750 542 3834 legi
559 3757 615 3817 ait,
637 3771 669 3810 ne
686 3757 722 3812 ett
737 3757 768 3812 in
790 3757 858 3813 Loc.
881 3761 895 3828 (
902 3775 1059 3830 quanquam
1083 3757 1124 3811 ibi
1146 3769 1246 3832 grace)
1267 3775 1296 3815 et

290 3837 373 3892 Ruso.
414 3835 512 3892 Altero
535 3837 599 3894 loco
625 3853 662 3906 5.
684 3861 730 3900 ro.
748 3855 776 3904 7.
798 3856 870 3896 recta
888 3843 1020 3914 [criptura
1034 3839 1064 3894 in
1082 3841 1171 3900 Codd.
1186 3843 1293 3900 multis.

291 3921 368 3978 Sext.
384 3921 467 3994 Emp.
482 3939 510 3996 p.
529 3923 590 3993 326
608 3922 767 4002 γραμμικῆς
787 3955 829 3969 -
851 3915 1063 3982 iculisma-lea.

331 4071 395 4128 ,lem
406 4073 528 4145 primun.
545 4069 662 4126 Inchoat
676 4069 774 4144 jartam
852 4061 1057 4146 ymnidicos.
1091 4071 1135 4129 Cs.
1153 4085 1182 4139 5,
1203 4091 1250 4135 ro,
1267 4089 1297 4142 7.

292 4171 346 4231 pro
370 4155 539 4240 geometriae
555 4153 676 4210 utilitate
695 4173 776 4232 argu·
858 4155 965 4210 sithoc
981 4181 1022 4198 -
1038 4175 1087 4229 par
1104 4185 1142 4202 ι·
1159 4149 1302 4236 &micyp-

292 4241 504 4296 meutetionem.
521 4235 575 4295 sed
587 4253 617 4296 v·
633 4241 773 4298 aotCrit.
814 4237 891 4312 φῖιεὲ
932 4239 1045 4301 Miror,
1066 4243 1087 4296 ti
1107 4234 1300 4318 ψηδοῃιφίιι
