<?xml version="1.0" encoding="UTF-8"?>
<!DOCTYPE html PUBLIC "-//W3C//DTD XHTML 1.0 Transitional//EN"
    "http://www.w3.org/TR/xhtml1/DTD/xhtml1-transitional.dtd">
<html xmlns="http://www.w3.org/1999/xhtml" xml:lang="en" lang="en">
 <head>
  <title>
</title>
<meta http-equiv="Content-Type" content="text/html;charset=utf-8" />
  <meta name='ocr-system' content='tesseract 3.04.00' />
  <meta name='ocr-capabilities' content='ocr_page ocr_carea ocr_par ocr_line ocrx_word'/>
</head>
<body>
  <div class='ocr_page' id='page_1' title='image "./deinstitutioneo08quingoog_0106.png"; bbox 0 0 2794 4794; ppageno 0'>
   <div class='ocr_carea' id='block_1_1' title="bbox 222 351 1034 474">
    <p class='ocr_par' dir='ltr' id='par_1_1' title="bbox 222 351 1034 474">
     <span class='ocr_line' id='line_1_1' title="bbox 222 351 1034 474; baseline -0.006 -20"><span class='ocrx_word' id='word_1_1' title='bbox 222 383 268 454; x_wconf 85' lang='lat'>16</span> <span class='ocrx_word' id='word_1_2' title='bbox 464 381 520 450; x_wconf 82' lang='lat' dir='ltr'>tu</span> <span class='ocrx_word' id='word_1_3' title='bbox 545 383 654 450; x_wconf 78' lang='lat' dir='ltr'>ran·</span> <span class='ocrx_word' id='word_1_4' title='bbox 673 351 985 474; x_wconf 65' lang='lat' dir='ltr'>omnnium</span> <span class='ocrx_word' id='word_1_5' title='bbox 1031 451 1034 462; x_wconf 72' lang='grc'><strong><em>,</em></strong></span> 
     </span>
    </p>
   </div>
   <div class='ocr_carea' id='block_1_2' title="bbox 162 551 1279 2980">
    <p class='ocr_par' dir='ltr' id='par_1_2' title="bbox 192 551 1229 674">
     <span class='ocr_line' id='line_1_2' title="bbox 192 551 1229 674; baseline 0.002 -28"><span class='ocrx_word' id='word_1_6' title='bbox 192 569 402 674; x_wconf 49' lang='lat' dir='ltr'>«nondum</span> <span class='ocrx_word' id='word_1_7' title='bbox 418 595 648 670; x_wconf 85' lang='lat' dir='ltr'><strong>quenquam</strong></span> <span class='ocrx_word' id='word_1_8' title='bbox 665 551 879 670; x_wconf 82' lang='lat' dir='ltr'>sapientem</span> <span class='ocrx_word' id='word_1_9' title='bbox 888 579 1091 672; x_wconf 82' lang='lat' dir='ltr'>repertum</span> <span class='ocrx_word' id='word_1_10' title='bbox 1105 591 1229 672; x_wconf 81' lang='lat' dir='ltr'>puta·</span> 
     </span>
    </p>

    <p class='ocr_par' dir='ltr' id='par_1_3' title="bbox 162 684 1224 786">
     <span class='ocr_line' id='line_1_3' title="bbox 162 684 1224 786; baseline 0.003 -26"><span class='ocrx_word' id='word_1_11' title='bbox 162 731 166 742; x_wconf 92' lang='lat'>·</span> <span class='ocrx_word' id='word_1_12' title='bbox 216 687 330 776; x_wconf 86' lang='lat' dir='ltr'>bant,</span> <span class='ocrx_word' id='word_1_13' title='bbox 360 703 564 786; x_wconf 84' lang='lat' dir='ltr'>praecepta</span> <span class='ocrx_word' id='word_1_14' title='bbox 577 702 707 760; x_wconf 89' lang='lat' dir='ltr'>tamen</span> <span class='ocrx_word' id='word_1_15' title='bbox 724 684 932 786; x_wconf 81' lang='lat' dir='ltr'>sapientiae</span> <span class='ocrx_word' id='word_1_16' title='bbox 959 687 1224 764; x_wconf 85' lang='lat' dir='ltr'>tradiderunt.</span> 
     </span>
    </p>

    <p class='ocr_par' dir='ltr' id='par_1_4' title="bbox 168 799 1252 1365">
     <span class='ocr_line' id='line_1_4' title="bbox 168 799 1226 901; baseline 0.002 -25"><span class='ocrx_word' id='word_1_17' title='bbox 168 805 325 876; x_wconf 67' lang='lat' dir='ltr'>aonam</span> <span class='ocrx_word' id='word_1_18' title='bbox 341 799 396 874; x_wconf 89' lang='lat' dir='ltr'>est</span> <span class='ocrx_word' id='word_1_19' title='bbox 411 818 513 876; x_wconf 90' lang='lat' dir='ltr'>certe</span> <span class='ocrx_word' id='word_1_20' title='bbox 529 801 682 899; x_wconf 87' lang='lat' dir='ltr'>aliquid</span> <span class='ocrx_word' id='word_1_21' title='bbox 699 800 964 878; x_wconf 81' lang='lat' dir='ltr'>consummata</span> <span class='ocrx_word' id='word_1_22' title='bbox 983 804 1226 901; x_wconf 79' lang='lat' dir='ltr'>eloquentia,</span> 
     </span>
     <span class='ocr_line' id='line_1_5' title="bbox 216 909 1228 1018; baseline 0.001 -27"><span class='ocrx_word' id='word_1_23' title='bbox 216 909 414 1017; x_wconf 82' lang='lat' dir='ltr'>nequead</span> <span class='ocrx_word' id='word_1_24' title='bbox 432 941 518 996; x_wconf 80' lang='lat' dir='ltr'>eam</span> <span class='ocrx_word' id='word_1_25' title='bbox 530 917 741 1018; x_wconf 84' lang='lat' dir='ltr'>pervenire</span> <span class='ocrx_word' id='word_1_26' title='bbox 761 933 901 992; x_wconf 87' lang='lat' dir='ltr'>natura</span> <span class='ocrx_word' id='word_1_27' title='bbox 923 918 1091 992; x_wconf 86' lang='lat' dir='ltr'>lnunani</span> <span class='ocrx_word' id='word_1_28' title='bbox 1110 911 1228 1017; x_wconf 85' lang='lat' dir='ltr'>inge-¹</span> 
     </span>
     <span class='ocr_line' id='line_1_6' title="bbox 216 1029 1229 1138; baseline 0.001 -29"><span class='ocrx_word' id='word_1_29' title='bbox 216 1036 278 1109; x_wconf 89' lang='lat' dir='ltr'>nii</span> <span class='ocrx_word' id='word_1_30' title='bbox 294 1033 489 1134; x_wconf 89' lang='lat' dir='ltr'>prohibet.</span> <span class='ocrx_word' id='word_1_31' title='bbox 550 1033 671 1138; x_wconf 78' lang='lat' dir='ltr'>Quod</span> <span class='ocrx_word' id='word_1_32' title='bbox 695 1029 827 1110; x_wconf 88' lang='lat' dir='ltr'>finon</span> <span class='ocrx_word' id='word_1_33' title='bbox 854 1031 1075 1132; x_wconf 81' lang='lat' dir='ltr'>contingat,</span> <span class='ocrx_word' id='word_1_34' title='bbox 1104 1035 1229 1110; x_wconf 78' lang='lat' dir='ltr'>ultius</span> 
     </span>
     <span class='ocr_line' id='line_1_7' title="bbox 209 1146 1226 1248; baseline -0.002 -24"><span class='ocrx_word' id='word_1_35' title='bbox 209 1165 350 1231; x_wconf 80' lang='lat' dir='ltr'>,tamen</span> <span class='ocrx_word' id='word_1_36' title='bbox 368 1149 506 1236; x_wconf 85' lang='lat' dir='ltr'>ibunt,</span> <span class='ocrx_word' id='word_1_37' title='bbox 535 1150 608 1248; x_wconf 91' lang='lat' dir='ltr'>qui</span> <span class='ocrx_word' id='word_1_38' title='bbox 633 1148 683 1222; x_wconf 88' lang='lat' dir='ltr'>ad</span> <span class='ocrx_word' id='word_1_39' title='bbox 708 1146 859 1224; x_wconf 81' lang='lat' dir='ltr'>sunmra</span> <span class='ocrx_word' id='word_1_40' title='bbox 872 1149 1070 1236; x_wconf 83' lang='lat' dir='ltr'>nitentur,</span> <span class='ocrx_word' id='word_1_41' title='bbox 1100 1171 1226 1248; x_wconf 87' lang='lat' dir='ltr'>quam</span> 
     </span>
     <span class='ocr_line' id='line_1_8' title="bbox 219 1249 1252 1365; baseline -0.006 -24"><span class='ocrx_word' id='word_1_42' title='bbox 219 1269 309 1365; x_wconf 66' lang='lat' dir='ltr'>qui,</span> <span class='ocrx_word' id='word_1_43' title='bbox 334 1262 553 1364; x_wconf 88' lang='lat' dir='ltr'>praesumta</span> <span class='ocrx_word' id='word_1_44' title='bbox 577 1261 846 1364; x_wconf 72' lang='lat' dir='ltr'>desperatione</span> <span class='ocrx_word' id='word_1_45' title='bbox 869 1291 951 1362; x_wconf 91' lang='lat' dir='ltr'>quo</span> <span class='ocrx_word' id='word_1_46' title='bbox 981 1264 1109 1336; x_wconf 84' lang='lat' dir='ltr'>velint</span> <span class='ocrx_word' id='word_1_47' title='bbox 1129 1249 1252 1336; x_wconf 77' lang='lat' dir='ltr'>evu-¹</span> 
     </span>
    </p>

    <p class='ocr_par' dir='ltr' id='par_1_5' title="bbox 170 1377 1271 2172">
     <span class='ocr_line' id='line_1_9' title="bbox 170 1377 1224 1509; baseline -0.003 -53"><span class='ocrx_word' id='word_1_48' title='bbox 170 1380 364 1470; x_wconf 72' lang='lat' dir='ltr'>ndendi,</span> <span class='ocrx_word' id='word_1_49' title='bbox 394 1381 578 1481; x_wconf 88' lang='lat' dir='ltr'>protinus</span> <span class='ocrx_word' id='word_1_50' title='bbox 604 1379 704 1452; x_wconf 89' lang='lat' dir='ltr'>circa</span> <span class='ocrx_word' id='word_1_51' title='bbox 719 1381 799 1452; x_wconf 86' lang='lat' dir='ltr'>ima</span> <span class='ocrx_word' id='word_1_52' title='bbox 814 1377 1064 1454; x_wconf 84' lang='lat' dir='ltr'>substiterint</span> <span class='ocrx_word' id='word_1_53' title='bbox 1127 1384 1224 1509; x_wconf 78' lang='lat' dir='ltr'>Quo</span> 
     </span>
     <span class='ocr_line' id='line_1_10' title="bbox 215 1491 1271 1600; baseline -0.008 -26"><span class='ocrx_word' id='word_1_54' title='bbox 215 1499 338 1600; x_wconf 87' lang='lat' dir='ltr'>magis</span> <span class='ocrx_word' id='word_1_55' title='bbox 354 1493 600 1596; x_wconf 86' lang='lat' dir='ltr'>impetranda</span> <span class='ocrx_word' id='word_1_56' title='bbox 616 1497 691 1568; x_wconf 89' lang='lat' dir='ltr'>erit</span> <span class='ocrx_word' id='word_1_57' title='bbox 708 1495 836 1584; x_wconf 78' lang='lat' dir='ltr'>verriu,</span> <span class='ocrx_word' id='word_1_58' title='bbox 862 1491 891 1568; x_wconf 88' lang='lat' dir='ltr'>s1</span> <span class='ocrx_word' id='word_1_59' title='bbox 907 1521 958 1568; x_wconf 90' lang='lat' dir='ltr'>ne</span> <span class='ocrx_word' id='word_1_60' title='bbox 966 1519 1121 1570; x_wconf 81' lang='lat' dir='ltr'>mntora</span> <span class='ocrx_word' id='word_1_61' title='bbox 1130 1520 1226 1593; x_wconf 78' lang='lat' dir='ltr'>qut</span> <span class='ocrx_word' id='word_1_62' title='bbox 1264 1535 1271 1547; x_wconf 88' lang='lat'><strong>·</strong></span> 
     </span>
     <span class='ocr_line' id='line_1_11' title="bbox 217 1607 1229 1710; baseline -0.006 -22"><span class='ocrx_word' id='word_1_63' title='bbox 217 1613 306 1688; x_wconf 86' lang='lat' dir='ltr'>dem</span> <span class='ocrx_word' id='word_1_64' title='bbox 326 1614 407 1699; x_wconf 88' lang='lat' dir='ltr'>illa,</span> <span class='ocrx_word' id='word_1_65' title='bbox 435 1635 578 1684; x_wconf 86' lang='lat' dir='ltr'>verum</span> <span class='ocrx_word' id='word_1_66' title='bbox 597 1610 721 1710; x_wconf 88' lang='lat' dir='ltr'>operi,</span> <span class='ocrx_word' id='word_1_67' title='bbox 750 1608 861 1708; x_wconf 91' lang='lat' dir='ltr'>quod</span> <span class='ocrx_word' id='word_1_68' title='bbox 877 1607 1129 1696; x_wconf 86' lang='lat' dir='ltr'>instituimus,</span> <span class='ocrx_word' id='word_1_69' title='bbox 1147 1634 1229 1682; x_wconf 89' lang='lat' dir='ltr'>ne-</span> 
     </span>
     <span class='ocr_line' id='line_1_12' title="bbox 217 1709 1224 1824; baseline -0.009 -21"><span class='ocrx_word' id='word_1_70' title='bbox 217 1723 389 1814; x_wconf 86' lang='lat' dir='ltr'>cessaria,</span> <span class='ocrx_word' id='word_1_71' title='bbox 423 1726 655 1824; x_wconf 85' lang='lat' dir='ltr'>praeteribo.</span> <span class='ocrx_word' id='word_1_72' title='bbox 724 1709 833 1798; x_wconf 85' lang='lat' dir='ltr'>Nam</span> <span class='ocrx_word' id='word_1_73' title='bbox 852 1725 953 1815; x_wconf 82' lang='lat' dir='ltr'>liber</span> <span class='ocrx_word' id='word_1_74' title='bbox 980 1727 1133 1824; x_wconf 88' lang='lat' dir='ltr'>primus</span> <span class='ocrx_word' id='word_1_75' title='bbox 1160 1749 1224 1812; x_wconf 83' lang='lat' dir='ltr'>ea,</span> 
     </span>
     <span class='ocr_line' id='line_1_13' title="bbox 216 1837 1223 1942; baseline -0.004 -24"><span class='ocrx_word' id='word_1_76' title='bbox 216 1867 316 1942; x_wconf 85' lang='lat' dir='ltr'>quae</span> <span class='ocrx_word' id='word_1_77' title='bbox 343 1839 436 1915; x_wconf 90' lang='lat' dir='ltr'>sunt</span> <span class='ocrx_word' id='word_1_78' title='bbox 461 1855 550 1913; x_wconf 87' lang='lat' dir='ltr'>ante</span> <span class='ocrx_word' id='word_1_79' title='bbox 575 1837 751 1915; x_wconf 86' lang='lat' dir='ltr'>officium</span> <span class='ocrx_word' id='word_1_80' title='bbox 769 1840 959 1927; x_wconf 86' lang='lat' dir='ltr'>rhetoris,</span> <span class='ocrx_word' id='word_1_81' title='bbox 988 1839 1223 1915; x_wconf 82' lang='lat' dir='ltr'>continebit.</span> 
     </span>
     <span class='ocr_line' id='line_1_14' title="bbox 214 1953 1225 2055; baseline -0.006 -21"><span class='ocrx_word' id='word_1_82' title='bbox 214 1955 419 2043; x_wconf 85' lang='lat' dir='ltr'>Secundo,</span> <span class='ocrx_word' id='word_1_83' title='bbox 447 1957 576 2054; x_wconf 81' lang='lat' dir='ltr'>primu</span> <span class='ocrx_word' id='word_1_84' title='bbox 594 1953 698 2055; x_wconf 86' lang='lat' dir='ltr'>apud</span> <span class='ocrx_word' id='word_1_85' title='bbox 723 1956 923 2030; x_wconf 85' lang='lat' dir='ltr'>rhetorem</span> <span class='ocrx_word' id='word_1_86' title='bbox 937 1956 1145 2041; x_wconf 82' lang='lat' dir='ltr'>elementa,</span> <span class='ocrx_word' id='word_1_87' title='bbox 1179 1969 1225 2028; x_wconf 87' lang='lat' dir='ltr'>et</span> 
     </span>
     <span class='ocr_line' id='line_1_15' title="bbox 214 2059 1224 2172; baseline -0.005 -25"><span class='ocrx_word' id='word_1_88' title='bbox 214 2075 314 2172; x_wconf 77' lang='lat' dir='ltr'>quae</span> <span class='ocrx_word' id='word_1_89' title='bbox 333 2071 382 2146; x_wconf 92' lang='lat' dir='ltr'>de</span> <span class='ocrx_word' id='word_1_90' title='bbox 403 2068 484 2169; x_wconf 83' lang='lat' dir='ltr'>ipsa</span> <span class='ocrx_word' id='word_1_91' title='bbox 504 2059 722 2149; x_wconf 85' lang='lat' dir='ltr'>rhetoricae</span> <span class='ocrx_word' id='word_1_92' title='bbox 739 2067 947 2146; x_wconf 85' lang='lat' dir='ltr'>substantia</span> <span class='ocrx_word' id='word_1_93' title='bbox 963 2085 1224 2169; x_wconf 88' lang='lat' dir='ltr'>quaeruntur,</span> 
     </span>
    </p>

    <p class='ocr_par' dir='ltr' id='par_1_6' title="bbox 168 2185 1225 2630">
     <span class='ocr_line' id='line_1_16' title="bbox 168 2185 1225 2290; baseline -0.003 -28"><span class='ocrx_word' id='word_1_94' title='bbox 168 2188 475 2264; x_wconf 76' lang='lat' dir='ltr'>22tractabimus.</span> <span class='ocrx_word' id='word_1_95' title='bbox 544 2187 733 2290; x_wconf 83' lang='lat' dir='ltr'>Quinque</span> <span class='ocrx_word' id='word_1_96' title='bbox 771 2185 1001 2286; x_wconf 87' lang='lat' dir='ltr'>deinceps</span> <span class='ocrx_word' id='word_1_97' title='bbox 991 2187 1225 2260; x_wconf 80' lang='lat' dir='ltr'>inventioni</span> 
     </span>
     <span class='ocr_line' id='line_1_17' title="bbox 175 2299 1225 2438; baseline -0.004 -59.837"><span class='ocrx_word' id='word_1_98' title='bbox 175 2311 333 2402; x_wconf 90' lang='lat' dir='ltr'>(nam</span> <span class='ocrx_word' id='word_1_99' title='bbox 349 2303 445 2376; x_wconf 92' lang='lat' dir='ltr'>huic</span> <span class='ocrx_word' id='word_1_100' title='bbox 466 2317 505 2375; x_wconf 92' lang='lat' dir='ltr'>et</span> <span class='ocrx_word' id='word_1_101' title='bbox 516 2299 723 2438; x_wconf 78' lang='lat' dir='ltr'>dispositio</span> <span class='ocrx_word' id='word_1_102' title='bbox 742 2300 1022 2400; x_wconf 80' lang='lat' dir='ltr'>subjungitur)</span> <span class='ocrx_word' id='word_1_103' title='bbox 1049 2319 1225 2400; x_wconf 84' lang='lat' dir='ltr'>quatuor</span> 
     </span>
     <span class='ocr_line' id='line_1_18' title="bbox 217 2393 1227 2517; baseline -0.003 -23"><span class='ocrx_word' id='word_1_104' title='bbox 217 2419 437 2496; x_wconf 83' lang='lat' dir='ltr'>elocutioni</span> <span class='ocrx_word' id='word_1_105' title='bbox 463 2420 499 2508; x_wconf 81' lang='lat'><em>&lt;</em></span> <span class='ocrx_word' id='word_1_106' title='bbox 488 2444 532 2492; x_wconf 87' lang='lat'>111</span> <span class='ocrx_word' id='word_1_107' title='bbox 563 2393 675 2510; x_wconf 88' lang='lat' dir='ltr'>cujus</span> <span class='ocrx_word' id='word_1_108' title='bbox 689 2434 839 2517; x_wconf 82' lang='lat' dir='ltr'>partem</span> <span class='ocrx_word' id='word_1_109' title='bbox 855 2417 1047 2497; x_wconf 79' lang='lat' dir='ltr'>memoria</span> <span class='ocrx_word' id='word_1_110' title='bbox 1068 2441 1110 2488; x_wconf 90' lang='lat' dir='ltr'>ac</span> <span class='ocrx_word' id='word_1_111' title='bbox 1125 2441 1227 2516; x_wconf 89' lang='lat' dir='ltr'>pro·</span> 
     </span>
     <span class='ocr_line' id='line_1_19' title="bbox 214 2530 1225 2630; baseline -0.004 -20"><span class='ocrx_word' id='word_1_112' title='bbox 214 2535 414 2610; x_wconf 86' lang='lat' dir='ltr'>nuntiatio</span> <span class='ocrx_word' id='word_1_113' title='bbox 429 2535 624 2630; x_wconf 85' lang='lat' dir='ltr'>veniunt)</span> <span class='ocrx_word' id='word_1_114' title='bbox 640 2531 849 2610; x_wconf 86' lang='lat' dir='ltr'>dabuntur.</span> <span class='ocrx_word' id='word_1_115' title='bbox 908 2535 1023 2606; x_wconf 88' lang='lat' dir='ltr'>Unus</span> <span class='ocrx_word' id='word_1_116' title='bbox 1051 2530 1225 2622; x_wconf 84' lang='lat' dir='ltr'>accedet,</span> 
     </span>
    </p>

    <p class='ocr_par' dir='ltr' id='par_1_7' title="bbox 186 2644 1279 2980">
     <span class='ocr_line' id='line_1_20' title="bbox 186 2644 1279 2749; baseline -0.006 -21"><span class='ocrx_word' id='word_1_117' title='bbox 186 2722 188 2728; x_wconf 89' lang='lat'>.</span> <span class='ocrx_word' id='word_1_118' title='bbox 214 2651 261 2724; x_wconf 89' lang='lat' dir='ltr'>in</span> <span class='ocrx_word' id='word_1_119' title='bbox 280 2677 362 2749; x_wconf 92' lang='lat' dir='ltr'>quo</span> <span class='ocrx_word' id='word_1_120' title='bbox 379 2650 495 2724; x_wconf 89' lang='lat' dir='ltr'>nobis</span> <span class='ocrx_word' id='word_1_121' title='bbox 511 2664 643 2724; x_wconf 89' lang='lat' dir='ltr'>orator</span> <span class='ocrx_word' id='word_1_122' title='bbox 664 2647 746 2748; x_wconf 87' lang='lat' dir='ltr'>ipse</span> <span class='ocrx_word' id='word_1_123' title='bbox 764 2645 1040 2722; x_wconf 84' lang='lat' dir='ltr'>informandus</span> <span class='ocrx_word' id='word_1_124' title='bbox 1056 2644 1129 2736; x_wconf 73' lang='lat' dir='ltr'>est,</span> <span class='ocrx_word' id='word_1_125' title='bbox 1158 2663 1224 2738; x_wconf 89' lang='lat' dir='ltr'>ut,</span> <span class='ocrx_word' id='word_1_126' title='bbox 1238 2659 1279 2697; x_wconf 87' lang='lat'>¹¹</span> 
     </span>
     <span class='ocr_line' id='line_1_21' title="bbox 218 2759 1228 2864; baseline -0.002 -26"><span class='ocrx_word' id='word_1_127' title='bbox 218 2769 289 2864; x_wconf 88' lang='lat' dir='ltr'>qui</span> <span class='ocrx_word' id='word_1_128' title='bbox 305 2789 435 2839; x_wconf 84' lang='lat' dir='ltr'>mores</span> <span class='ocrx_word' id='word_1_129' title='bbox 452 2769 557 2855; x_wconf 72' lang='lat' dir='ltr'>ejuS,</span> <span class='ocrx_word' id='word_1_130' title='bbox 585 2789 686 2862; x_wconf 89' lang='lat' dir='ltr'>quae</span> <span class='ocrx_word' id='word_1_131' title='bbox 701 2766 748 2838; x_wconf 91' lang='lat' dir='ltr'>in</span> <span class='ocrx_word' id='word_1_132' title='bbox 763 2761 1040 2863; x_wconf 84' lang='lat' dir='ltr'>suscipiendis,</span> <span class='ocrx_word' id='word_1_133' title='bbox 1067 2759 1228 2836; x_wconf 89' lang='lat' dir='ltr'>discen-</span> 
     </span>
     <span class='ocr_line' id='line_1_22' title="bbox 217 2875 1226 2980; baseline 0 -26"><span class='ocrx_word' id='word_1_134' title='bbox 217 2879 298 2970; x_wconf 84' lang='lat' dir='ltr'>dis,</span> <span class='ocrx_word' id='word_1_135' title='bbox 329 2877 488 2978; x_wconf 82' lang='lat' dir='ltr'>agendis</span> <span class='ocrx_word' id='word_1_136' title='bbox 514 2875 634 2954; x_wconf 78' lang='lat' dir='ltr'>causis</span> <span class='ocrx_word' id='word_1_137' title='bbox 661 2881 783 2969; x_wconf 84' lang='lat' dir='ltr'>ratio,</span> <span class='ocrx_word' id='word_1_138' title='bbox 820 2877 932 2980; x_wconf 87' lang='lat' dir='ltr'>quod</span> <span class='ocrx_word' id='word_1_139' title='bbox 968 2879 1226 2977; x_wconf 84' lang='lat' dir='ltr'>eloquentiae</span> 
     </span>
    </p>
   </div>
   <div class='ocr_carea' id='block_1_3' title="bbox 215 3089 1275 3846">
    <p class='ocr_par' dir='ltr' id='par_1_8' title="bbox 215 3089 1229 3666">
     <span class='ocr_line' id='line_1_23' title="bbox 280 3089 1227 3168; baseline -0.004 -20"><span class='ocrx_word' id='word_1_140' title='bbox 280 3094 318 3148; x_wconf 80' lang='lat' dir='ltr'>ad</span> <span class='ocrx_word' id='word_1_141' title='bbox 329 3089 436 3168; x_wconf 72' lang='lat' dir='ltr'>sumnia</span> <span class='ocrx_word' id='word_1_142' title='bbox 451 3095 577 3149; x_wconf 77' lang='lat' dir='ltr'>nitentur.</span> <span class='ocrx_word' id='word_1_143' title='bbox 619 3093 713 3148; x_wconf 79' lang='lat' dir='ltr'>Etiam</span> <span class='ocrx_word' id='word_1_144' title='bbox 727 3093 774 3150; x_wconf 87' lang='lat' dir='ltr'>bic</span> <span class='ocrx_word' id='word_1_145' title='bbox 791 3093 883 3151; x_wconf 82' lang='lat' dir='ltr'>Guelf.</span> <span class='ocrx_word' id='word_1_146' title='bbox 899 3091 1027 3149; x_wconf 72' lang='lat' dir='ltr'>etiiotlr.</span> <span class='ocrx_word' id='word_1_147' title='bbox 1046 3095 1111 3160; x_wconf 83' lang='lat' dir='ltr'>(tac.</span> <span class='ocrx_word' id='word_1_148' title='bbox 1123 3093 1227 3168; x_wconf 80' lang='lat' dir='ltr'>Gelu.)</span> 
     </span>
     <span class='ocr_line' id='line_1_24' title="bbox 217 3176 1225 3255; baseline 0.001 -22"><span class='ocrx_word' id='word_1_149' title='bbox 217 3179 255 3238; x_wconf 70' lang='lat' dir='ltr'>ad</span> <span class='ocrx_word' id='word_1_150' title='bbox 268 3177 408 3255; x_wconf 77' lang='lat' dir='ltr'>santnmm.</span> <span class='ocrx_word' id='word_1_151' title='bbox 452 3176 543 3239; x_wconf 79' lang='lat' dir='ltr'>Edd..</span> <span class='ocrx_word' id='word_1_152' title='bbox 564 3196 632 3252; x_wconf 75' lang='lat' dir='ltr'>quat</span> <span class='ocrx_word' id='word_1_153' title='bbox 647 3180 761 3252; x_wconf 82' lang='lat' dir='ltr'>quidem</span> <span class='ocrx_word' id='word_1_154' title='bbox 776 3180 856 3242; x_wconf 79' lang='lat' dir='ltr'>vidi,</span> <span class='ocrx_word' id='word_1_155' title='bbox 875 3197 972 3232; x_wconf 75' lang='lat' dir='ltr'>omnes</span> <span class='ocrx_word' id='word_1_156' title='bbox 995 3177 1032 3231; x_wconf 83' lang='lat' dir='ltr'>ad</span> <span class='ocrx_word' id='word_1_157' title='bbox 1045 3176 1168 3253; x_wconf 78' lang='lat' dir='ltr'>summa.</span> <span class='ocrx_word' id='word_1_158' title='bbox 1192 3195 1225 3234; x_wconf 81' lang='lat' dir='ltr'>et</span> 
     </span>
     <span class='ocr_line' id='line_1_25' title="bbox 218 3261 1227 3338; baseline -0.002 -18"><span class='ocrx_word' id='word_1_159' title='bbox 218 3263 313 3320; x_wconf 82' lang='lat' dir='ltr'>collati</span> <span class='ocrx_word' id='word_1_160' title='bbox 330 3281 345 3314; x_wconf 84' lang='lat' dir='ltr'>a</span> <span class='ocrx_word' id='word_1_161' title='bbox 361 3261 482 3322; x_wconf 82' lang='lat' dir='ltr'>Giblono</span> <span class='ocrx_word' id='word_1_162' title='bbox 499 3277 552 3316; x_wconf 69' lang='lat' dir='ltr'>tres</span> <span class='ocrx_word' id='word_1_163' title='bbox 569 3262 657 3319; x_wconf 88' lang='lat' dir='ltr'>Codd.</span> <span class='ocrx_word' id='word_1_164' title='bbox 675 3263 826 3338; x_wconf 83' lang='lat' dir='ltr'>profecto</span> <span class='ocrx_word' id='word_1_165' title='bbox 817 3279 902 3325; x_wconf 77' lang='lat' dir='ltr'>rtem.</span> <span class='ocrx_word' id='word_1_166' title='bbox 922 3281 1047 3336; x_wconf 87' lang='lat' dir='ltr'>quorum</span> <span class='ocrx_word' id='word_1_167' title='bbox 1063 3263 1182 3316; x_wconf 76' lang='lat' dir='ltr'>varietas</span> <span class='ocrx_word' id='word_1_168' title='bbox 1207 3279 1227 3318; x_wconf 65' lang='lat' dir='ltr'>a</span> 
     </span>
     <span class='ocr_line' id='line_1_26' title="bbox 216 3345 1229 3428; baseline 0 -24"><span class='ocrx_word' id='word_1_169' title='bbox 216 3349 348 3428; x_wconf 83' lang='lat' dir='ltr'>diligenti</span> <span class='ocrx_word' id='word_1_170' title='bbox 363 3346 428 3402; x_wconf 70' lang='lat' dir='ltr'>viro</span> <span class='ocrx_word' id='word_1_171' title='bbox 443 3347 503 3400; x_wconf 82' lang='lat' dir='ltr'>sane</span> <span class='ocrx_word' id='word_1_172' title='bbox 520 3345 613 3402; x_wconf 77' lang='lat' dir='ltr'>fuisset</span> <span class='ocrx_word' id='word_1_173' title='bbox 630 3345 781 3404; x_wconf 81' lang='lat' dir='ltr'>observata.</span> <span class='ocrx_word' id='word_1_174' title='bbox 831 3348 907 3426; x_wconf 55' lang='grc' dir='ltr'>Μεθ’</span> <span class='ocrx_word' id='word_1_175' title='bbox 881 3353 927 3402; x_wconf 70' lang='lat' dir='ltr'>v&#39;u</span> <span class='ocrx_word' id='word_1_176' title='bbox 938 3347 1022 3401; x_wconf 82' lang='lat' dir='ltr'>etiam</span> <span class='ocrx_word' id='word_1_177' title='bbox 1038 3345 1229 3404; x_wconf 80' lang='lat' dir='ltr'>necessarium</span> 
     </span>
     <span class='ocr_line' id='line_1_27' title="bbox 216 3427 1275 3508; baseline -0.005 -18"><span class='ocrx_word' id='word_1_178' title='bbox 216 3431 265 3490; x_wconf 76' lang='lat' dir='ltr'>laic</span> <span class='ocrx_word' id='word_1_179' title='bbox 282 3448 413 3488; x_wconf 82' lang='lat' dir='ltr'>neutrum</span> <span class='ocrx_word' id='word_1_180' title='bbox 413 3431 573 3504; x_wconf 83' lang='lat' dir='ltr'>adjectivi.</span> <span class='ocrx_word' id='word_1_181' title='bbox 604 3433 669 3505; x_wconf 84' lang='lat' dir='ltr'>quia</span> <span class='ocrx_word' id='word_1_182' title='bbox 689 3448 871 3508; x_wconf 86' lang='lat' dir='ltr'>opponuntur</span> <span class='ocrx_word' id='word_1_183' title='bbox 887 3437 955 3495; x_wconf 68' lang='lat' dir='ltr'>inm</span> <span class='ocrx_word' id='word_1_184' title='bbox 986 3447 1014 3484; x_wconf 87' lang='lat' dir='ltr'>et</span> <span class='ocrx_word' id='word_1_185' title='bbox 1030 3429 1075 3484; x_wconf 90' lang='lat' dir='ltr'>vel</span> <span class='ocrx_word' id='word_1_186' title='bbox 1091 3427 1126 3484; x_wconf 91' lang='lat' dir='ltr'>ob</span> <span class='ocrx_word' id='word_1_187' title='bbox 1143 3431 1275 3500; x_wconf 60' lang='lat' dir='ltr'>laune</span> 
     </span>
     <span class='ocr_line' id='line_1_28' title="bbox 216 3513 1230 3593; baseline -0.004 -20"><span class='ocrx_word' id='word_1_188' title='bbox 216 3515 311 3574; x_wconf 82' lang='lat' dir='ltr'>locum</span> <span class='ocrx_word' id='word_1_189' title='bbox 328 3517 446 3593; x_wconf 85' lang='lat' dir='ltr'>pronior</span> <span class='ocrx_word' id='word_1_190' title='bbox 470 3517 517 3570; x_wconf 86' lang='lat' dir='ltr'>fim</span> <span class='ocrx_word' id='word_1_191' title='bbox 535 3517 636 3592; x_wconf 85' lang='lat' dir='ltr'>supra</span> <span class='ocrx_word' id='word_1_192' title='bbox 628 3537 659 3569; x_wconf 87' lang='lat' dir='ltr'>m</span> <span class='ocrx_word' id='word_1_193' title='bbox 674 3533 799 3574; x_wconf 81' lang='lat' dir='ltr'>veterem</span> <span class='ocrx_word' id='word_1_194' title='bbox 822 3518 985 3592; x_wconf 82' lang='lat' dir='ltr'>scripturam</span> <span class='ocrx_word' id='word_1_195' title='bbox 999 3513 1146 3588; x_wconf 71' lang='lat' dir='ltr'>sucinum,</span> <span class='ocrx_word' id='word_1_196' title='bbox 1171 3535 1230 3570; x_wconf 75' lang='lat' dir='ltr'>va·</span> 
     </span>
     <span class='ocr_line' id='line_1_29' title="bbox 215 3599 1103 3666; baseline -0.009 -8"><span class='ocrx_word' id='word_1_197' title='bbox 215 3602 329 3661; x_wconf 79' lang='lat' dir='ltr'>riaodae</span> <span class='ocrx_word' id='word_1_198' title='bbox 343 3599 478 3656; x_wconf 74' lang='lat' dir='ltr'>orationis</span> <span class='ocrx_word' id='word_1_199' title='bbox 494 3601 577 3654; x_wconf 84' lang='lat' dir='ltr'>caula.</span> <span class='ocrx_word' id='word_1_200' title='bbox 622 3603 656 3656; x_wconf 89' lang='lat' dir='ltr'>cs.</span> <span class='ocrx_word' id='word_1_201' title='bbox 672 3602 812 3658; x_wconf 84' lang='lat' dir='ltr'>Drakenb.</span> <span class='ocrx_word' id='word_1_202' title='bbox 829 3601 863 3654; x_wconf 83' lang='lat' dir='ltr'>ad</span> <span class='ocrx_word' id='word_1_203' title='bbox 879 3601 945 3657; x_wconf 82' lang='lat' dir='ltr'>Liv.</span> <span class='ocrx_word' id='word_1_204' title='bbox 964 3599 992 3660; x_wconf 82' lang='lat'>6,</span> <span class='ocrx_word' id='word_1_205' title='bbox 1010 3611 1058 3666; x_wconf 79' lang='lat'>55.</span> <span class='ocrx_word' id='word_1_206' title='bbox 1076 3612 1103 3650; x_wconf 84' lang='lat'>2.</span> 
     </span>
    </p>

    <p class='ocr_par' dir='ltr' id='par_1_9' title="bbox 219 3685 1234 3846">
     <span class='ocr_line' id='line_1_30' title="bbox 275 3685 1234 3756; baseline -0.002 -16"><span class='ocrx_word' id='word_1_207' title='bbox 275 3708 336 3741; x_wconf 79' lang='lat' dir='ltr'>nam</span> <span class='ocrx_word' id='word_1_208' title='bbox 350 3687 409 3742; x_wconf 76' lang='lat' dir='ltr'>huic</span> <span class='ocrx_word' id='word_1_209' title='bbox 423 3700 458 3740; x_wconf 81' lang='lat' dir='ltr'>ee.</span> <span class='ocrx_word' id='word_1_210' title='bbox 501 3689 543 3740; x_wconf 81' lang='lat' dir='ltr'>Iu</span> <span class='ocrx_word' id='word_1_211' title='bbox 558 3685 643 3740; x_wconf 87' lang='lat' dir='ltr'>Goth.</span> <span class='ocrx_word' id='word_1_212' title='bbox 660 3685 734 3756; x_wconf 87' lang='lat' dir='ltr'>(vid.</span> <span class='ocrx_word' id='word_1_213' title='bbox 750 3687 820 3741; x_wconf 81' lang='lat' dir='ltr'>Add.</span> <span class='ocrx_word' id='word_1_214' title='bbox 839 3687 932 3750; x_wconf 80' lang='lat' dir='ltr'>Gelu.)</span> <span class='ocrx_word' id='word_1_215' title='bbox 955 3685 1234 3742; x_wconf 74' lang='lat' dir='ltr'>Ceteriomnetnnm</span> 
     </span>
     <span class='ocr_line' id='line_1_31' title="bbox 219 3768 1023 3846; baseline -0.004 -20"><span class='ocrx_word' id='word_1_216' title='bbox 219 3785 248 3826; x_wconf 81' lang='lat' dir='ltr'>et</span> <span class='ocrx_word' id='word_1_217' title='bbox 262 3771 331 3838; x_wconf 71' lang='lat' dir='ltr'>stuic.</span> <span class='ocrx_word' id='word_1_218' title='bbox 375 3769 484 3844; x_wconf 66' lang='lat' dir='ltr'>Grypb·</span> <span class='ocrx_word' id='word_1_219' title='bbox 504 3784 531 3824; x_wconf 81' lang='lat' dir='ltr'>et</span> <span class='ocrx_word' id='word_1_220' title='bbox 548 3768 617 3826; x_wconf 88' lang='lat' dir='ltr'>Obr.</span> <span class='ocrx_word' id='word_1_221' title='bbox 635 3773 753 3842; x_wconf 79' lang='lat' dir='ltr'>uolitant</span> <span class='ocrx_word' id='word_1_222' title='bbox 768 3771 859 3846; x_wconf 78' lang='lat' dir='ltr'>script.</span> <span class='ocrx_word' id='word_1_223' title='bbox 877 3769 1023 3825; x_wconf 82' lang='lat' dir='ltr'>dederuut.</span> 
     </span>
    </p>
   </div>
   <div class='ocr_carea' id='block_1_4' title="bbox 217 3958 1234 4295">
    <p class='ocr_par' dir='ltr' id='par_1_10' title="bbox 217 3958 1231 4295">
     <span class='ocr_line' id='line_1_32' title="bbox 258 3958 1231 4044; baseline 0.005 -27"><span class='ocrx_word' id='word_1_224' title='bbox 258 3961 419 4039; x_wconf 77' lang='lat' dir='ltr'>substantia.</span> <span class='ocrx_word' id='word_1_225' title='bbox 462 3965 637 4024; x_wconf 81' lang='lat' dir='ltr'>Vocabulum</span> <span class='ocrx_word' id='word_1_226' title='bbox 646 3967 701 4024; x_wconf 83' lang='lat' dir='ltr'>hoo</span> <span class='ocrx_word' id='word_1_227' title='bbox 733 3969 809 4044; x_wconf 80' lang='lat' dir='ltr'>polle</span> <span class='ocrx_word' id='word_1_228' title='bbox 828 3968 908 4024; x_wconf 77' lang='lat' dir='ltr'>aliter</span> <span class='ocrx_word' id='word_1_229' title='bbox 924 3983 1007 4040; x_wconf 82' lang='lat' dir='ltr'>quam</span> <span class='ocrx_word' id='word_1_230' title='bbox 1025 3958 1231 4022; x_wconf 74' lang='lat' dir='ltr'>Fbvianoillo</span> 
     </span>
     <span class='ocr_line' id='line_1_33' title="bbox 219 4029 1234 4131; baseline 0.002 -27"><span class='ocrx_word' id='word_1_231' title='bbox 219 4047 331 4104; x_wconf 74' lang='lat' dir='ltr'>serioris</span> <span class='ocrx_word' id='word_1_232' title='bbox 358 4050 470 4104; x_wconf 85' lang='lat' dir='ltr'>demum</span> <span class='ocrx_word' id='word_1_233' title='bbox 504 4067 601 4106; x_wconf 73' lang='lat' dir='ltr'>aetatu</span> <span class='ocrx_word' id='word_1_234' title='bbox 625 4052 700 4106; x_wconf 84' lang='lat' dir='ltr'>idem</span> <span class='ocrx_word' id='word_1_235' title='bbox 735 4052 830 4112; x_wconf 83' lang='lat' dir='ltr'>verbo,</span> <span class='ocrx_word' id='word_1_236' title='bbox 845 4051 962 4131; x_wconf 73' lang='lat' dir='ltr'>effetatio,</span> <span class='ocrx_word' id='word_1_237' title='bbox 981 4029 1234 4128; x_wconf 78' lang='lat' dir='ltr'>negatarosleiIII.</span> 
     </span>
     <span class='ocr_line' id='line_1_34' title="bbox 217 4125 1233 4210; baseline 0.003 -22"><span class='ocrx_word' id='word_1_238' title='bbox 217 4125 276 4188; x_wconf 73' lang='lat' dir='ltr'>fere</span> <span class='ocrx_word' id='word_1_239' title='bbox 291 4133 422 4210; x_wconf 78' lang='lat' dir='ltr'>significat</span> <span class='ocrx_word' id='word_1_240' title='bbox 436 4137 512 4206; x_wconf 91' lang='lat' dir='ltr'>quod</span> <span class='ocrx_word' id='word_1_241' title='bbox 530 4138 701 4199; x_wconf 79' lang='lat' dir='ltr'>Graecorum</span> <span class='ocrx_word' id='word_1_242' title='bbox 737 4135 764 4197; x_wconf 84' lang='lat'>6,</span> <span class='ocrx_word' id='word_1_243' title='bbox 784 4149 834 4202; x_wconf 75' lang='lat'>23</span> <span class='ocrx_word' id='word_1_244' title='bbox 878 4135 978 4192; x_wconf 79' lang='lat' dir='ltr'>Cicero</span> <span class='ocrx_word' id='word_1_245' title='bbox 993 4137 1049 4190; x_wconf 79' lang='lat' dir='ltr'>fine</span> <span class='ocrx_word' id='word_1_246' title='bbox 1065 4131 1155 4189; x_wconf 80' lang='lat' dir='ltr'>dubio</span> <span class='ocrx_word' id='word_1_247' title='bbox 1175 4153 1233 4191; x_wconf 76' lang='lat' dir='ltr'>m·</span> 
     </span>
     <span class='ocr_line' id='line_1_35' title="bbox 218 4209 965 4295; baseline 0.003 -23"><span class='ocrx_word' id='word_1_248' title='bbox 218 4209 310 4278; x_wconf 70' lang='lat' dir='ltr'>oleta.</span> <span class='ocrx_word' id='word_1_249' title='bbox 332 4223 380 4273; x_wconf 74' lang='lat' dir='ltr'>ent</span> <span class='ocrx_word' id='word_1_250' title='bbox 405 4219 476 4273; x_wconf 78' lang='lat' dir='ltr'>banc</span> <span class='ocrx_word' id='word_1_251' title='bbox 491 4221 606 4295; x_wconf 76' lang='lat' dir='ltr'>proprie</span> <span class='ocrx_word' id='word_1_252' title='bbox 622 4221 703 4277; x_wconf 67' lang='lat' dir='ltr'>aedat</span> <span class='ocrx_word' id='word_1_253' title='bbox 734 4236 823 4279; x_wconf 70' lang='lat' dir='ltr'>tumn</span> <span class='ocrx_word' id='word_1_254' title='bbox 835 4219 965 4284; x_wconf 64' lang='lat' dir='ltr'>vonss&#39;et.</span> 
     </span>
    </p>
   </div>
   <div class='ocr_carea' id='block_1_5' title="bbox 0 0 1403 4794">
    <p class='ocr_par' dir='ltr' id='par_1_11' title="bbox 0 0 1403 4794">
     <span class='ocr_line' id='line_1_36' title="bbox 0 0 1403 4794; baseline 0 0"><span class='ocrx_word' id='word_1_255' title='bbox 0 0 1403 4794; x_wconf 95' lang='lat' dir='ltr'> </span> 
     </span>
    </p>
   </div>
  </div>
 </body>
</html>
