2798 4790
327 345 449 434 nter.
476 363 685 436 omrort
709 365 802 466 um.
828 369 865 454 1,
892 387 972 446 ιι..
1061 378 1139 456 4⁰⁷

130 551 304 640 minima
317 573 451 651 pugna
465 548 530 626 est.
585 553 694 635 Nam
709 552 759 630 de
775 553 886 658 omni
902 555 1063 635 materia
1076 552 1139 632 dt-

135 691 227 742 cere
254 691 343 742 eam
377 663 574 746 fatentur:
612 671 816 770 propriam
844 669 990 744 habere
1017 684 1138 746 mate·
1192 691 1216 745 .·

127 783 256 870 riam,
285 781 379 882 quia
395 783 660 884 multiplicem
673 785 833 874 habeat,
860 801 1015 885 negant.
1061 783 1140 860 Sed

133 919 270 996 neque
298 891 453 972 infinita
476 897 549 990 est,
578 897 726 976 etiamst
754 898 810 975 est
836 901 1068 1000 multiplex:
1098 913 1140 974 et

135 1011 235 1086 aliae
263 1035 426 1112 quoque
451 1023 551 1091 artes
572 1016 749 1093 minores
771 1015 919 1090 habent
940 1015 1139 1114 multipli-

131 1151 226 1224 cem
245 1129 467 1216 materiam,
492 1129 607 1206 velut
627 1129 934 1206 architectonice.-
963 1151 1137 1229 namque
1205 1127 1208 1134 ’

136 1267 182 1316 ea
198 1243 243 1316 in
257 1243 463 1332 omnibus,
489 1241 697 1344 quaesunt
710 1242 889 1320 aedificio
902 1245 1028 1333 utilia,
1046 1268 1137 1319 ver·

135 1353 259 1434 satur:
288 1372 330 1434 et
342 1357 561 1448 caelatura,
585 1385 688 1461 quae
701 1385 812 1448 auro,
832 1371 1007 1460 argento,
1035 1382 1162 1454 aere,9

135 1469 264 1564 ferro,
299 1497 420 1574 opera
448 1473 574 1552 efficit.
646 1477 755 1552 Nam
778 1469 989 1584 sculptura
1018 1473 1137 1548 etiam

132 1586 311 1688 lignum,
345 1589 466 1680 ebur,
506 1616 699 1680 marmor,
739 1593 913 1676 vitrum,
952 1611 1137 1689 gemmas,

135 1719 346 1804 praeterea
360 1729 462 1804 quae
477 1703 709 1805 supradixi,
730 1705 1016 1806 complectitur.
1049 1703 1182 1777 Ne-10

134 1841 217 1920 que
235 1819 419 1918 protinus
433 1817 589 1896 nonest
602 1821 764 1898 materia
784 1819 1019 1907 rhetorices,
1044 1813 1135 1892 liin
1163 1821 1167 1833 “

132 1931 275 2008 eadem
287 1931 465 2010 versatur
478 1949 517 2010 et
531 1935 642 2012 alius.
673 1938 780 2011 Nam
793 1929 1136 2036 fiquaeram,quae

134 2045 183 2126 fit
200 2049 361 2124 materia
380 2045 574 2140 statuarii,
602 2050 758 2126 dicetur
773 2077 860 2124 aes:
889 2047 918 2122 ss
938 2071 1136 2148 quaeram,

133 2187 238 2264 quae
255 2162 301 2238 srt
316 2159 530 2262 excusoris,
557 2162 688 2254 idest,
715 2171 800 2256 eius
815 2163 995 2250 fabricae,
1014 2183 1136 2260 quam

133 2279 274 2355 Graeci
306 2281 531 2378 χαλκευτικήν
556 2294 720 2366 vocant,
756 2275 932 2352 fimiliter
960 2301 1027 2350 aes
1061 2269 1135 2348 elle

132 2391 405 2493 respondeant
462 2395 583 2494 Atqui
596 2394 821 2494 plurimum
836 2417 858 2464 a
874 2386 1008 2465 statuis
1021 2381 1137 2464 diffe-

59 2519 234 2590 torrunt
253 2506 351 2585 vala.
407 2510 496 2584 Nec
519 2506 717 2584 medicina
742 2503 835 2582 ideo
855 2530 940 2582 non
963 2505 1038 2578 erit
1062 2527 1181 2590 arem

132 2622 229 2727 quia
247 2623 385 2700 unctio
401 2637 440 2700 et
460 2623 684 2698 exercitatio
703 2646 794 2698 cum
811 2617 1053 2722 palaestrica,
1081 2619 1136 2692 ci-

131 2737 279 2816 borum
299 2763 397 2816 vero
419 2737 585 2840 qualitas
606 2739 724 2812 etiam
746 2763 839 2814 eum
853 2759 1078 2836 coquorum
1097 2732 1137 2806 ei
1252 2792 1254 2806 .

131 2851 181 2930 fit
195 2869 276 2926 arte
290 2853 524 2930 communis.
582 2851 703 2958 Quod
717 2875 815 2928 vero
831 2850 880 2926 de
893 2851 1016 2940 bono,
1029 2847 1182 2936 utillo
1292 2928 1297 2937 Ι

131 2965 238 3065 justo
261 2963 461 3056 differere,
490 2963 766 3069 philosophiae
789 2963 964 3042 officium
983 2957 1057 3040 ell'e
1074 2961 1136 3036 cli·

131 3097 249 3170 cunt,
275 3107 361 3160 non
380 3081 515 3160 obstat.
574 3081 701 3171 Nam,
729 3107 823 3156 cum
848 3075 1137 3179 philosophum

132 3195 294 3288 dicunt,
328 3197 408 3276 hoc
437 3197 562 3300 accipi
595 3195 766 3286 volunt,
797 3193 935 3270 virum
968 3191 1134 3269 bonum.

195 3447 396 3506 nclieerrooice
417 3475 462 3496 ι-
487 3443 617 3524 versatur.
658 3443 753 3504 Guell'.
774 3431 1000 3502 veteranionem.
1043 3432 1132 3492 ooth.

130 3538 206 3606 (tre.
229 3533 331 3600 oeta.)
353 3529 493 3608 versantur
511 3546 545 3587 ut
567 3546 694 3608 appareat
719 3547 783 3586 eum
810 3529 859 3584 suo
882 3548 897 3582 e
917 3517 1035 3580 voluill'e
1056 3519 1134 3594 quod

131 3615 232 3674 Guell,
243 3614 386 3674 scribendo
402 3637 451 3679 aa.
470 3613 552 3672 male.
590 3641 597 3655 ·
717 3610 863 3689 excuseris.
904 3603 998 3666 Guelf.
1009 3602 1134 3681 sculpto·

130 3705 169 3760 ris
182 3700 262 3756 mele.
285 3701 369 3756 Goth.
385 3703 458 3770 (tac.
474 3697 568 3765 oeta.)
584 3697 729 3778 muffet&
743 3715 808 3754 cum
823 3694 899 3756 Voll.
917 3707 946 3749 Β.
968 3690 1036 3745 item
1050 3687 1132 3746 male.

130 3787 210 3846 Vett.
232 3785 294 3842 edd.
315 3801 471 3858 receptam,
497 3781 599 3860 quibus
622 3781 748 3838 accedere
770 3779 905 3836 videntur
926 3771 1081 3832 Britannici
1104 3786 1133 3828 et

131 3869 208 3926 Alrn.
332 3865 466 3945 asturis.
508 3865 626 3928 Omittit
640 3863 759 3922 aGuell.
777 3883 840 3920 cum
848 3863 944 3920 Turio.
955 3859 1042 3916 Goth.
1058 3857 1131 3918 Jent

128 3955 144 4026 (
152 3969 203 4009 tac.
214 3953 307 4023 Gelu.)
321 3953 396 4011 volt
413 3967 431 4022 5
446 3969 473 4008 et
486 3949 555 4007 meir
568 3949 682 4026 quidem
697 3963 759 4005 ante
772 3947 898 4006 Leidens.
913 3943 975 4002 ott.
985 3941 1128 4002 curribus.
1285 3991 1302 4024 t

128 4041 175 4096 ux
189 4057 220 4092 ea
235 4035 372 4094 Gibsonus
388 4037 523 4097 ell'unrsrt,
549 4050 576 4100 et
591 4033 625 4088 ‹le
642 4034 697 4089 luis
714 4031 802 4092 Codri.
820 4047 899 4088 tace&

174 4121 256 4201 Quod
276 4141 347 4176 aero.
389 4121 475 4178 Goth.
497 4125 568 4187 (tac
590 4119 690 4188 Gelu.)
714 4115 769 4198 Qui
789 4115 861 4172 iero.
1026 4109 1128 4168 «licum.

131 4205 217 4264 Goth.
232 4204 345 4267 delent,
364 4223 439 4268 non.
460 4217 493 4262 nt
509 4203 590 4260 oeta.
604 4217 713 4266 narra,
733 4199 863 4258 decom.
