2798 4790
308 435 430 510 INST.
458 433 667 524 ORATOR.
694 435 786 504 LIB.
812 439 866 524 11,
894 459 950 530 17.
1055 457 1126 530 537

126 623 285 698 vitium.
343 623 452 698 Nam
484 639 523 698 et
550 621 804 700 mendacium
832 623 983 716 dicere,
1010 629 1130 706 etiarn

126 735 292 838 sapienti
308 739 523 837 eliquando
545 734 767 815 concellum
787 736 861 814 est:
895 755 936 814 et
956 735 1129 832 affectus,

127 849 156 925 fi
185 853 298 926 aliter
327 852 377 928 ad
412 856 649 954 aequitatem
685 853 854 952 perduci
888 856 1010 952 judex
1044 885 1129 934 non

67 969 290 1067 ¹96poterit‚
320 965 529 1046 neceffario
550 968 730 1044 movebit
748 985 890 1045 orator.
948 974 1174 1072 Imperitirg

124 1085 233 1158 enim
245 1081 439 1178 judicant,
455 1100 494 1158 et
510 1086 582 1184 qui
597 1080 828 1184 frequenter
844 1086 888 1162 in
905 1085 982 1162 hoc
998 1086 1127 1187 ipsu-m

124 1193 289 1272 fallendi
312 1195 425 1288 sunt,
456 1224 508 1274 ne
533 1211 674 1272 errent.
733 1199 860 1288 Nam,
889 1198 918 1274 ii
942 1201 1045 1276 mihi
1071 1201 1128 1276 sa·

122 1313 275 1412 pientes
300 1313 452 1406 iudices
474 1311 638 1400 dentur,
665 1309 883 1413 sapientum
903 1318 1127 1408 conciones,

121 1443 240 1527 atque
267 1445 395 1504 omne
410 1430 644 1518 concilium
672 1429 778 1502 nihil
800 1429 956 1504 invidia
982 1433 1128 1520 valeat,
1253 1415 1256 1422 ’

121 1543 226 1618 nihil
244 1545 385 1644 gratim
413 1544 518 1618 nihil
536 1545 678 1644 opinio
696 1543 934 1645 praesumta,
963 1544 1127 1646 falfique

121 1656 254 1735 testes:
284 1683 477 1759 perquam
491 1657 537 1742 fit
551 1660 718 1760 exiguus
734 1661 985 1760 eloquentiae
1002 1661 1126 1748 locus,

114 1789 159 1852 et
177 1799 308 1874 prope
325 1775 370 1850 in
385 1771 466 1850 sola
481 1773 741 1850 delectatione
757 1791 940 1876 ponatur.
1001 1779 1071 1852 Sin
1088 1793 1126 1852 et
1135 1805 1173 1864 29
1273 1805 1277 1814 ’

121 1886 373 1964 audientium
395 1891 564 1966 mobiles
587 1892 729 1978 animi,
759 1906 798 1966 et
826 1905 886 1966 tot
911 1891 1025 1967 malis
1056 1893 1127 1968 oh-

120 2006 237 2080 noxia
263 2005 427 2080 veritas:
457 2022 538 2080 arte
556 2003 821 2106 pugnandum
844 2003 917 2097 est;
959 2023 997 2080 et
1016 2006 1129 2082 adhi-

114 2115 252 2207 ¹benda
270 2143 371 2218 qnae
389 2119 565 2220 prosunt.
622 2123 768 2218 Neque
785 2121 912 2210 enim,
936 2122 1008 2219 qui
1025 2137 1128 2196 recta

113 2235 185 2327 ,via
201 2232 394 2334 depulsus
406 2232 472 2326 est,
488 2233 629 2310 reduci
645 2231 695 2313 ad
707 2259 804 2320 earn,
821 2233 895 2307 nih
913 2235 992 2308 alio
1009 2233 1127 2324 flexu,

119 2349 259 2450 potest.
317 2351 493 2424 Plurima
513 2374 611 2424 vero
629 2371 677 2422 ex
694 2371 742 2422 eo
761 2363 896 2424 contra
917 2345 1127 2422 rhetoricen
1135 2371 1174 2426 30

119 2466 324 2540 cavillatio
351 2461 423 2552 est,
456 2463 569 2563 quod
593 2487 641 2538 ex
666 2477 833 2562 utroque
858 2457 991 2536 causae
1018 2479 1128 2562 porte

118 2577 287 2658 dicatur.
346 2577 444 2654 Inde
469 2579 584 2665 haec,
621 2577 792 2652 Nullam
818 2569 895 2687 effe
913 2594 1036 2652 ortem
1049 2574 1129 2686 sthi

114 2699 379 2787 'contrariam
414 2694 640 2802 rhetoricen
669 2687 741 2766 elle
770 2695 1007 2768 contrariam
1032 2693 1126 2770 libi:

119 2811 268 2886 nullam
293 2825 418 2884 artem
442 2802 642 2914 destruere
664 2809 770 2906 rsrtod
791 2801 989 2918 effecerim
1030 2811 1128 2884 acci-

121 2923 214 3002 dere
230 2926 311 3002 hoc
325 2924 540 3000 rhetorices
559 2925 690 3024 operi:
722 2925 831 3012 item,
848 2924 948 3012 Aut,
968 2925 1130 2998 dicenda

181 3141 333 3198 concilium.
376 3135 451 3196 Alm.
464 3137 601 3216 confilium
616 3157 679 3192 cum
693 3137 765 3196 Jenl'.
782 3135 853 3206 (nc.
871 3137 966 3210 Gen.)
989 3151 1017 3191 et
1032 3137 1129 3213 pleris-

120 3241 175 3298 que
200 3227 265 3280 cdd.
290 3241 360 3280 vett.
404 3221 510 3280 Millies
534 3221 744 3278 confunduntur
769 3221 835 3275 haec
860 3219 917 3274 dno
940 3221 1074 3280 vocabula
1098 3224 1128 3276 in

121 3311 201 3364 MSS.
248 3309 396 3390 Egregiam
414 3309 448 3363 de
462 3327 562 3362 eorum
578 3307 735 3384 diversitate
749 3305 967 3380 disputationem
987 3303 1070 3360 habet
1086 3309 1127 3364 lo.

113 3386 166 3448 Tr.
182 3393 328 3450 Gronovii
349 3393 383 3447 ad
404 3393 470 3448 Liv.
485 3405 543 3466 qq,
562 3407 595 3452 α,
610 3404 637 3458 5.
657 3391 730 3446 unde
746 3404 859 3465 apparet
875 3389 957 3448 etiam
974 3388 1001 3446 h.
1018 3387 1054 3450 l..
1079 3387 1128 3444 nbi

112 3473 212 3552 'neque
237 3479 344 3533 senatus
365 3497 454 3551 neque
474 3478 594 3532 militare
616 3474 783 3554 intelligitur
805 3471 964 3536 confilium,
985 3473 1030 3528 ted
1046 3491 1129 3534 ..con-

114 3551 245 3623 motus
268 3561 368 3638 populi
384 3563 535 3634 cujntqtte‘*
552 3559 701 3644 legeqdnm
719 3559 785 3614 essct
814 3559 969 3614 conciliatur

183 3647 372 3720 pugnandum.
416 3645 501 3700 Goth.
523 3653 593 3714 (tac.
609 3646 703 3712 Gelu.)
719 3643 906 3718 purgandum.
918 3633 1062 3704 ¹ridicule,
1085 3643 1127 3696 sed

116 3727 202 3785 tolus.
375 3731 467 3806 Neque
487 3733 565 3784 enim.
605 3727 650 3782 stc
664 3727 757 3782 Guetf.
783 3726 868 3780 ceteri
888 3723 956 3778 libri
978 3729 1034 3781 Nec
1049 3731 1127 3781 enim.

116 3813 153 3866 ei.
170 3827 232 3870 not.
250 3813 321 3868 crit.
338 3812 372 3867 nd
388 3828 422 3879 2,
445 3807 481 3873 6,
503 3823 550 3885 24.
716 3809 869 3866 tudelae.
913 3809 998 3864 Goth.
1013 3825 1041 3864 et
1056 3812 1128 3874 ‚lenh

113 3895 191 3966 (tac.
219 3897 325 3966 Gelu.)
349 3883 415 3952 Inde
435 3898 483 3952 hoe
504 3913 569 3950 cnm
592 3892 731 3968 plerisque
752 3907 822 3946 vett.
843 3889 904 3970 edd.
927 3909 1036 3968 praeter
1052 3893 1127 3954 Ant,

114 3981 199 4036 male.
248 3975 807 4054 Gonhrhoireqnemrid.D1·akeub.nd
828 3977 895 4034 Liv·
910 3989 947 4050 ὅ,
970 3987 1026 4054 34,
1053 3997 1077 4032 ι.
1102 3992 1130 4038 et

112 4065 152 4118 ef.
167 4077 229 4119 not.
247 4063 322 4119 erit.
336 4063 370 4120 nd
388 4083 414 4126 r.
434 4083 480 4125 rt.
500 4077 546 4134 23.
1075 4091 1085 4112 o

159 4249 330 4305 tvtandocicm
344 4275 384 4292 -
394 4245 522 4325 sapienti.
545 4249 579 4304 cl.
594 4245 689 4304 locum
705 4249 763 4306 Cic.
774 4247 888 4305 allatum
905 4245 938 4302 ad
955 4259 983 4308 2,
1004 4258 1048 4312 ις.
1059 4260 1108 4326 32.

707 4354 759 4412 nt>
780 4371 797 4410 2
