2838 4792
431 309 794 442 -rnturfflo
958 433 961 440 ,
1004 396 1126 446 xxxtx

117 589 161 638 ea
186 564 233 638 in
264 555 451 664 Hispania
477 557 641 636 auditur
666 562 785 644 etiam
810 557 946 643 leculo
973 564 1120 664 quinto
1231 623 1233 633 ,

115 701 299 786 ineunte,
332 697 377 773 in
400 695 608 772 Prudentii
631 697 787 798 hymno
820 719 845 792 7
879 697 1120 800 peristepha-

113 860 196 912 non
212 859 251 908 v.
280 846 373 922 152,
402 829 475 906 ubi
495 831 712 910 celebratur
729 833 1002 938 Quintilianus
1017 845 1119 910 mar·¹

114 986 179 1069 tyr
207 963 598 1067 caesaraugustanus.
659 966 1017 1069 caesaraugustano
1047 995 1118 1046 au·
1170 1043 1172 1052 ,

113 1119 194 1178 tem
225 1103 447 1178 conventui
477 1120 795 1180 annumerantur
824 1107 1116 1206 Calagurritani
1273 1129 1278 1136 ·

114 1237 209 1314 teste
231 1238 361 1316 Plinio
383 1219 432 1312 H.
458 1238 512 1314 N.
540 1257 580 1326 5,
614 1258 651 1326 5.
710 1241 855 1338 Neque
871 1253 1006 1316 tamen
1021 1265 1115 1340 pro·

114 1375 218 1450 tinus
241 1369 390 1450 necelie
418 1369 474 1474 eli
496 1387 545 1448 ut
569 1389 689 1450 natus
703 1363 756 1448 'in
778 1369 967 1472 Hispania
992 1371 1117 1452 fuerit

115 1505 251 1596 noster,
279 1507 313 1584 sr
332 1507 486 1584 familia
506 1513 590 1604 ejus
614 1507 711 1584 inde
733 1505 791 1584 est
813 1507 995 1584 oriunda.
1048 1505 1116 1582 Ef-

116 1639 241 1744 figiem
262 1645 507 1750 Quintiliani
527 1646 572 1718 in
592 1645 746 1744 aliquot
762 1643 890 1722 codd.
913 1647 1022 1720 MSS.
1047 1669 1116 1744 ap·
1179 1637 1184 1646 ’

117 1781 227 1880 pictas
249 1777 377 1856 refert
403 1777 624 1882 Bandinius
649 1782 695 1856 in
723 1781 920 1882 Catalogis
949 1781 1114 1866 Floren-

118 1917 209 1993 tinis.
265 1912 335 1992 Ad
352 1915 553 1996 luvenalis
569 1913 619 1990 de
635 1917 886 2022 Quintiliano
903 1915 1041 1992 locum
1067 1916 1114 1992 in

119 2051 282 2128 editione
304 2049 500 2126 Henuinii
527 2051 678 2153 (1695)
706 2076 745 2150 p.
767 2073 860 2126 ara.¹
891 2049 1039 2148 adjecta
1057 2049 1112 2126 est

120 2187 238 2262 tabula
273 2184 471 2262 exhibens
503 2186 640 2264 virum
677 2201 874 2286 togatum,
932 2184 1112 2275 stantem,

122 2319 249 2399 lanatis
286 2319 426 2396 calceis
452 2319 572 2420 pedes
594 2319 816 2398 indutum..
857 2318 936 2396 Sed
963 2321 1112 2400 calceo·

125 2479 200 2532 mm
223 2455 355 2534 modo
384 2453 496 2532 causa
518 2453 764 2556 propofitam
789 2453 1018 2554 imaginem,
1045 2479 1113 2556 ap·

133 2608 230 2686 paret,
255 2589 373 2694 quod
403 2589 543 2666 eadem
569 2587 625 2664 est
653 2585 763 2689 apud
785 2587 1026 2664 Balduinum
1049 2569 1121 2664 Ile¹
1152 2565 1156 2572 ⁴

140 2723 242 2800 calceo
257 2755 293 2829 p.
317 2733 396 2818 69,
429 2741 470 2800 et
494 2725 563 2800 hio
587 2722 626 2798 le
646 2739 880 2800 mutuatum
902 2719 1113 2824 profitetur

135 2859 297 2941 aCasalio
325 2865 389 2938 De
412 2861 523 2936 urbis
548 2875 588 2934 et
614 2861 775 2960 imperii
789 2862 963 2938 Romani
981 2857 1111 2961 splen·

130 2989 225 3087 dore,
250 2997 365 3099 apud
384 3021 507 3098 quem
528 2995 736 3071 exhibetur
757 3022 796 3096 p.
817 3013 911 3084 258.
933 3021 1064 3096 neque
1085 3021 1109 3070 e

127 3136 235 3210 veteri
255 3131 406 3235 lapide,
432 3129 504 3208 [ed
520 3127 611 3208 licta
624 3129 687 3209 'ab
705 3127 793 3230 ipso
814 3127 978 3210 Calalio.

221 3409 287 3480 De
310 3403 504 3506 Dialogo‚
539 3405 613 3502 qui
639 3400 869 3478 inscribitur
889 3401 960 3476 De
982 3412 1112 3474 orato·

123 3531 211 3613 ribus
241 3533 337 3649 five
371 3540 420 3613 de
453 3533 578 3648 causas
619 3553 826 3637 comptae
863 3535 1113 3632 εἰοᾳιωπτίαε,

122 3669 288 3748 confecta
314 3698 376 3748 res
396 3671 470 3764 est,
511 3697 645 3774 neque
674 3685 961 3772 argumentum
985 3665 1113 3742 libelli

120 3827 238 3908 neque
257 3809 431 3886 auctoris
457 3823 622 3884 aetatem
646 3805 863 3884 convenire
885 3803 930 3878 in
952 3799 1113 3910 Quinti·

119 3935 288 4034 lunum,
335 3969 455 4043 quam
491 3945 537 4020 in
571 3941 729 4018 oausam
764 3940 898 4039 aliqua
929 3953 1113 4016 annotata
1150 3957 1152 3964 ’

118 4069 229 4152 habes
257 4055 308 4152 aa
332 4099 373 4167 a,
395 4091 445 4174 4,
475 4087 541 4176 423
572 4093 613 4153 et
635 4070 850 4154 afferantur
874 4077 994 4202 l'hm
1016 4069 1067 4148 ad
1089 4079 1114 4144 6
