2838 4792
483 483 485 494 ·
509 445 847 528 naturitati
1060 493 1065 504 ·
1090 477 1185 534 txrx

149 638 252 743 pr'o
277 639 414 740 aliquo
432 642 592 741 piaculo
614 632 894 742 exprobratum
914 643 976 720 iri
1002 665 1007 674 ·
1036 643 1180 745 Magni

153 775 266 851 sane
297 773 401 852 facio
428 777 582 865 virum,
612 780 879 878 Latini,''i1uo
908 780 1065 868 Graeci,
1095 803 1178 854 car·

150 909 294 988 minis
333 936 421 988 non
458 912 750 1012 poenitendum
784 909 995 1004 artificem,
1053 939 1177 1016 quem

149 1043 399 1148 praesertim
426 1043 656 1124 nostrorum
681 1051 926 1149 principum,
957 1049 1071 1124 velut
1090 1046 1177 1124 Fri'·

69 1173 72 1178 “
153 1181 300 1261 defici
326 1182 519 1256 Gulielmi
544 1183 693 1282 magni,
725 1209 787 1282 res
816 1183 937 1282 gestas
964 1182 1174 1286 nostraque

153 1312 361 1404 instituta,
379 1311 754 1394 velutAcademiam
771 1317 1088 1408 Fridericianam,
1105 1321 1173 1396 vel

146 1420 385 1554 praecipue
414 1450 697 1541 celebrantem,
740 1453 858 1527 etiam
888 1455 1047 1528 caritate
1079 1479 1174 1552 qua·

151 1587 265 1664 dam
294 1589 441 1686 patriae
471 1587 686 1668 exosculari
716 1583 914 1663 debeam·
976 1581 1053 1664 sed
1083 1567 1175 1662 dili·

150 1724 327 1825 gentle,
362 1721 390 1796 st
420 1717 687 1823 quid'video,
729 1739 768 1798 et
797 1725 980 1810 acumine
1007 1725 1053 1800 in
1080 1723 1175 1797 alie·

149 1861 230 1935 nis
256 1840 430 1934 sensibus
459 1849 741 1960 perspiciendis
773 1875 814 1934 et
848 1857 1077 1938 divinandis
1113 1867 1175 1934 ca‘·

151 1997 250 2072 ruit
280 1994 405 2071 homo
435 1995 583 2094 poetici
611 1997 735 2096 magis
762 1985 913 2084 caloris,
942 2020 1063 2096 quam
1086 1993 1175 2072 Cri·

152 2135 265 2208 ricae
295 2131 565 2206 accuratiouis.
648 2135 727 2209 Tot
756 2145 888 2206 autem
916 2129 1172 2206 eruditorum

154 2265 372 2342 laboribus
398 2267 444 2342 in
471 2289 563 2343 meo
592 2263 782 2366 scriptore
812 2265 1034 2354 collocatis,
1082 2259 1171 2338 fieri

157 2427 250 2478 non
283 2403 437 2502 potuit,
479 2401 580 2501 quin
611 2401 787 2502 plurima
816 2407 895 2494 iam
923 2395 1013 2474 latis
1040 2395 1176 2496 expla·
1257 2437 1261 2450 »

162 2553 255 2610 nata
285 2538 511 2636 reperirem.
583 2539 677 2640 Quo
707 2537 752 2610 in
784 2557 928 2635 genere
963 2531 1068 2608 nihil
1107 2530 1172 2605 ul·

170 2683 230 2742 tra
252 2671 394 2748 lectori
422 2671 643 2748 debebatur
671 2696 692 2742 a
721 2695 808 2759 me,
845 2683 1036 2770 quamut
1054 2661 1168 2742 hasce
1224 2759 1227 2764 ¹

177 2827 269 2904 opes
286 2832 407 2908 quam
429 2803 707 2914 religiosissime
733 2805 778 2881 in
802 2809 886 2900 eius
907 2793 1168 2882 commodiori

168 2958 449 3017 converterem.
535 2947 586 3016 Et
624 2956 730 3054 recte
771 2939 915 3016 videor
951 2965 1016 3016 me
1058 2936 1166 3012 tueri

83 3155 88 3162 ,
160 3077 406 3181 Quintiliani
435 3077 517 3152 mei
548 3075 675 3154 dicto:
724 3081 920 3166 „Pravum
950 3075 1005 3152 est
1034 3058 1166 3174 quodss

158 3209 280 3299 „dam
296 3209 475 3288 studium
491 3205 596 3286 nihil
612 3237 754 3288 eorum
776 3237 877 3312 quae
894 3211 1007 3312 prior
1022 3203 1168 3304 aliquis
1272 3267 1279 3274 .

155 3349 391 3448 „occuparit
404 3345 583 3437 dicendi;
612 3373 715 3448 quae
727 3348 891 3423 ambitio
912 3341 1056 3446 procul
1076 3337 1166 3411 abe·

154 3481 284 3571 „rita
306 3507 382 3557 me.
450 3483 594 3559 Dicam
619 3485 728 3560 enim
747 3493 832 3558 non
853 3482 1020 3578 utique,
1063 3491 1165 3572 quae

153 3618 394 3710 „invenero‚
422 3615 491 3694 sed
507 3617 854 3721 quaeplacehunt“
875 3637 913 3702 a,
934 3613 998 3700 15',
1015 3605 1081 3702 5'7·
1098 3621 1163 3694 38·

247 3891 406 3964 Praeter
448 3887 643 3966 editiones
682 3883 814 3988 justas¹
834 3881 1034 3983 scriptoris
1069 3879 1165 3988 mei,

156 4017 369 4099 affuerunt
385 4023 489 4100 mihi
505 4025 623 4098 etiam
643 4019 808 4123 quidam
837 4017 1088 4096 eruditorum
1116 4013 1167 4086 li·

154 4157 280 4250 belli,
318 4159 466 4259 quibus
495 4157 675 4254 ejusdem
702 4155 1049 4260 interpretationes
1072 4171 1167 4224 eon·
