2838 4792
330 475 333 484 ,
454 397 791 473 iniurium.
1044 429 1120 480 m

110 585 351 688 scriptorem
385 579 506 662 essent
547 587 792 690 quaerenda,
841 589 1116 672 ministrarem.

111 725 250 800 Fateor
270 745 460 823 magnum
485 719 592 824 posse
622 726 780 826 concipi
808 727 1007 822 ejusmodi
1037 727 1117 808 stu-

111 855 322 936 diosorum
341 855 571 934 varietatem
589 875 632 936 ‘et
655 859 839 938 disertius
857 861 1001 938 debere
1024 862 1115 942 sini·
1154 877 1156 882 '

109 993 160 1081 ri,
195 994 352 1092 quibus
370 992 607 1094 potiffimuur
626 995 781 1074 labores
804 1021 923 1108 meos*
937 997 1115 1106 suscepe-

109 1128 195 1202 rim.
257 1131 360 1204 Sunt
380 1129 504 1228 igitur
523 1131 556 1204 ii
579 1147 619 1206 et
642 1137 808 1226 iuvenes
829 1135 954 1210 literis
972 1134 1113 1225 dediti,

110 1263 185 1362 qui
208 1263 376 1364 quidem
396 1265 440 1340 iu
463 1262 655 1344 Romanis
677 1283 717 1344 et
738 1269 891 1386 Grpecis
912 1265 1112 1369 scriptori-

109 1397 183 1474 bus
203 1401 456 1502 aliquantum
477 1407 556 1496 jam
577 1398 839 1502 profecerint,
867 1414 907 1475 et
923 1399 1005 1484 viri
1023 1427 1110 1510 uon

109 1539 266 1636 proprie
304 1523 360 1611 in¹
390 1537 623 1640 antiquitate
658 1537 889 1640 explicanda
916 1537 1110 1640 occupati,
1163 1563 1200 1639 ἱ·

110 1672 175 1768 qui
194 1697 290 1748 cum
307 1671 527 1773 legendum
543 1671 708 1770 sumunt
729 1681 890 1775 gravem
908 1667 1113 1774 quendam

110 1819 145 1878 et
164 1794 390 1909 elegantem
414 1805 648 1912 scriptorem
669 1825 863 1899 veterem,
890 1808 1031 1895 multa,
1059 1801 1113 1922 utiv

111 1935 232 2017 seusus
254 1949 347 2037 eius
369 1927 671 2045 cognoscendos·
684 1941 910 2033 necessario,
945 1943 990 2018 iu
1013 1941 1109 2018 artie

112 2079 338 2156 motatione
372 2077 620 2180 praesertim,
667 2105 689 2154 a
723 2081 992 2156 recentiorum
1030 2073 1109 2152 usu

112 2228 297 2304 remotae,
340 2216 468 2314 qualis
503 2214 557 2290 est
592 2217 812 2293 rhetorum
836 2216 1108 2322 antiquorum,

113 2348 235 2426 minus
248 2366 412 2450 promtu
428 2352 527 2428 etin
543 2368 753 2430 numerato
770 2351 942 2430 habeant
958 2340 1106 2424 necesse
1138 2406 1140 2412 .

114 2479 179 2571 est,
210 2485 312 2582 quia
335 2499 404 2562 unt
423 2483 515 2562 sunt
540 2487 680 2576 obliti,
713 2501 781 2562 aut
804 2507 1011 2582 nunquam
1032 2505 1108 2592 pro

119 2599 333 2696 studiorum
366 2605 534 2698 snorum
566 2621 720 2696 ratione
755 2619 980 2720 attigerunt
1050 2618 1108 2690 Ita
1223 2666 1225 2675 ·

121 2737 316 2830 constitute
345 2771 385 2832 et
413 2755 605 2859 descripta
632 2757 850 2846 lectorum,
899 2775 1002 2854 quos
1031 2749 1108 2833 (tir-

118 2883 411 2990 mmspexerim,
449 2890 578 2984 classe,
619 2918 705 2969 non
739 2890 930 2992 equidem
962 2907 1106 2963 vereor

113 3041 158 3092 ne
172 3025 338 3104 consilio
355 3029 472 3104 nullo
486 3053 560 3103 nec
576 3029 729 3104 ratione
743 3021 927 3128 soripfiss'e
941 3022 1105 3140 iudicer.

112 3157 225 3260 Quod‘
242 3163 357 3236 enim
377 3161 525 3240 mor‘ofi
548 3159 714 3261 quidam
731 3165 776 3237 in
793 3135 956 3264 siugulis
980 3159 1107 3234 eutim-
1163 3219 1171 3234 .

111 3287 404 3372 adversionibus
434 3301 698 3398 interpretum
726 3297 911 3398 haerent,
943 3293 1010 3369 cui
1032 3313 1108 3390 po·

110 3423 290 3506 tiffimum
311 3430 451 3508 sectori
468 3457 606 3508 eurum
623 3455 806 3533 quaeque
830 3425 1017 3506 destinari
1033 3445 1106 3522 po-

111 3563 241 3655 tuerit,
273 3567 365 3642 'eam
388 3567 628 3643 calumniam
646 3553 772 3668 magie
792 3587 915 3684 quam
936 3557 1107 3660 diligen⁴

111 3695 197 3771 fiam
223 3699 433 3794 iudicandi
452 3699 643 3778 existimo.
710 3703 856 3796 Neque
881 3689 1039 3782 recuso,
1074 3689 1104 3766 fi
1216 3802 1217 3811 ἵ

112 3823 261 3912 summo
284 3841 372 3930 iure
396 3849 534 3936 egetur
554 3844 733 3923 mecum‘,
768 3827 950 3934 plusculo
971 3827 1106 3926 exiis,

114 3985 208 4059 ‘suae
232 3972 396 4076 monui,
436 3967 563 4046 aliena
585 3995 608 4044 a
633 3963 837 4072 propofito
863 3989 956 4044 meo
985 3985 1106 4066 ugno-
1196 3985 1203 3994 ·

114 4091 235 4190 scere,
270 4101 368 4186 dum
396 4103 549 4186 summe
575 4101 725 4184 constet
752 4097 926 4182 confilio.
998 4079 1107 4173 illud
