2764 4796
206 373 214 384 ·
310 342 318 410 s

267 478 389 548 INST.
416 477 624 552 norton
649 481 740 550 LIB.
765 481 840 560 111.
867 502 924 574 o,
1004 497 1076 573 44²

83 662 295 740 discrimen
316 664 481 767 aliquod
497 666 780 757 vocabantur,
788 667 1006 746 accuratius
1018 669 1081 747 lo

85 783 169 882 qui,
198 777 439 856 defendendi
452 779 660 883 su1grat1a,
679 781 930 860 instituerint.
975 789 1093 861 Haec

85 897 214 984 euim,
243 913 306 987 nt
332 895 538 973 honestior
563 895 691 986 causa,
741 900 795 974 ita
824 925 909 975 non
936 895 1078 1000 utique

85 1013 213 1112 prior
210 1005 285 1086 est:
312 1032 403 1088 oum
422 1009 648 1112 praesertim
664 1008 856 1122 accusatio
873 1016 1080 1116 praecedat

85 1119 363 1236 dffensronem:
397 1126 486 1202 nist
484 1130 587 1228 quis
610 1127 726 1218 dicit,
755 1132 874 1204 etiam
900 1131 1080 1232 gladium

84 1239 319 1316 fabricatum
335 1243 383 1318 ab
402 1267 450 1318 eo
476 1245 609 1343 priua,
641 1247 713 1344 qui
736 1241 923 1320 serrum
911 1271 955 1320 m
976 1262 1081 1321 tute·

84 1357 163 1434 lam
178 1354 253 1445 sui,
269 1383 390 1456 quam
405 1359 478 1458 qui
492 1360 536 1434 in
552 1361 769 1472 perniciem¹
784 1362 957 1450 alterius,
973 1387 1081 1436 com·

82 1473 239 1572 pararit.
305 1475 472 1548 Initium
490 1499 587 1576 ergo
609 1475 770 1551 dicendi
793 1474 903 1551 dedit
921 1492 1116 1564 naturats.

83 1587 248 1662 initium
272 1589 384 1678 artis,
421 1587 652 1666 observatio.
739 1593 931 1698 Homines
963 1593 1083 1682 enim,

84 1701 183 1778 ficut
198 1704 241 1776 in
258 1703 476 1794 medicina,
505 1731 598 1781 cum
613 1701 797 1785 viderent
814 1705 889 1780 alia
916 1705 1083 1784 salubria

85 1819 160 1892 alia
180 1813 414 1910 insalubria,
450 1845 498 1898 ex
524 1817 797 1900 observatione
820 1847 963 1900 eorum
989 1816 1083 1896 effe-

85 1933 227 2008 ceru'nt
241 1950 384 2010 artem:
414 1937 481 2039 ita,
504 1963 599 2014 cum
615 1939 659 2012 in
673 1937 852 2019 dicendo¹
867 1939 942 2012 alia
968 1938 1084 2012 utilia

85 2047 160 2120 alia
175 2049 335 2124 inutilia
357 2049 717 2152 deprehenderent,
747 2069 940 2128 notarunt
963 2077 1008 2126 ea
1034 2051 1085 2126 ad
1155 2087 1166 2108 ν

84 2159 324 2239 imitandum
340 2165 644 2266 vitandumque,
669 2185 709 2241 et
725 2165 930 2266 quaedam,
946 2162 1085 2240 secun-
1128 2241 1131 2248 ,

85 2275 187 2354 dum
217 2279 411 2356 rationem
433 2305 595 2370 eorum,
631 2279 860 2372 adjecerunt
885 2275 959 2380 ipsi
981 2299 1085 2379 quo·

85 2417 188 2492 que:
222 2391 317 2467 haec
343 2393 571 2472 confirmata
596 2393 688 2469 sunt
709 2392 803 2470 usu:
840 2411 946 2482 tum,
983 2418 1085 2494 quae

84 2505 227 2582 sciebat
239 2511 432 2607 quisque,
461 2509 610 2586 docuit.
660 2509 808 2586 'Cicero
827 2509 991 2608 quidem
1008 2511 1086 2584 ini·

14 2621 200 2698 amrium
218 2622 359 2699 orandi
386 2623 662 2699 conditoribus
689 2623 856 2700 urbium
880 2651 923 2698 ac
948 2625 1084 2726 legum

84 2737 278 2816 latoribus
295 2737 428 2814 dedit:
456 2741 501 2814 in
514 2738 661 2838 quibus
681 2733 795 2814 suilse
819 2741 904 2816 vim
924 2739 1086 2814 dicendi

83 2850 234 2943 necesse
252 2851 325 2930 est:
351 2879 431 2946 ‚cur
447 2870 577 2928 tamen
590 2853 692 2928 hanc
704 2857 874 2954 primam
889 2857 1087 2954 originem

83 2983 220 3070 putet,
253 2995 339 3044 non
356 2967 496 3058 rideo;
532 2993 626 3044 cum
649 2967 723 3042 smt
746 2969 877 3044 adhuc
895 2967 1089 3068 quaedam

84 3109 209 3184 vagae
236 3099 274 3158 et
300 3081 381 3158 stne
417 3083 585 3159 urbibus
617 3107 660 3156 ac
696 3081 776 3158 siue
805 3084 961 3182 legibus
994 3109 1088 3184 gen·

84 3218 164 3288 tes,
208 3215 249 3274 et
274 3215 425 3288 tamen,
469 3201 542 3298 qui
566 3196 722 3274 suntin
746 3199 809 3274 bis
835 3199 938 3284 nati,
970 3213 1010 3272 et
1032 3199 1090 3272 le-

82 3315 317 3418 gationibus
340 3313 581 3414 fungantur,
618 3329 657 3387 et
681 3311 862 3388 accusent
883 3314 1016 3412 aliqua
1044 3337 1089 3389 ao

154 3545 327 3616 compararit.
369 3540 461 3598 Guels.
483 3557 512 3599 et
531 3541 617 3599 eom.
635 3541 708 3613 (tac.
730 3543 830 3609 Geso.)
851 3543 1032 3614 conspurcavit.
1058 3555 1092 3596 ut

85 3627 156 3686 edd.
177 3647 252 3682 meae
268 3647 283 3680 ι
300 3627 429 3700 Grypbio
450 3626 483 3682 td
498 3626 568 3684 Obr.
590 3645 700 3688 omnen,
728 3645 792 3682 cum
811 3626 900 3684 Codd.
916 3624 1092 3688 Britannicis,

86 3729 125 3770 ut
141 3727 220 3788 puto,
241 3710 357 3784 aliisque
370 3709 475 3766 multia.
518 3709 588 3766 cod.
601 3711 696 3768 Turio.
704 3711 778 3766 olm.
793 3725 821 3766 et
834 3709 895 3765 edd.
912 3709 1091 3784 aoteGryph.

87 3813 191 3855 omnes
200 3810 346 3869 receptam,
367 3793 510 3848 meliorem
526 3797 595 3850 sane.
741 3797 869 3869 originem
881 3809 968 3870 pitter.
996 3795 1091 3852 Turio.

85 3899 185 3962 putem
201 3899 265 3934 curu
280 3875 354 3936 Alm.
375 3879 450 3954 quod
465 3879 568 3954 recapit
583 3877 654 3938 Obr.
697 3881 764 3936 Non
782 3877 864 3934 male.

140 4071 242 4126 Cicero.
281 4067 357 4122 Loca
375 4063 443 4120 vide
463 4064 492 4118 in
510 4079 578 4120 uota
617 4065 691 4126 sere,
713 4064 762 4118 nisi
777 4063 854 4139 quod
868 4064 924 4142 ipsc
938 4064 1029 4128 dixit,
1049 4063 1097 4120 de·

88 4152 236 4232 proxima.
270 4147 411 4224 improbat
421 4165 512 4202 tamen
522 4151 575 4222 Qu.
617 4149 760 4214 fonditurt
790 4148 825 4205 de
840 4153 943 4228 origine
961 4167 1018 4205 nou
1039 4149 1097 4229 agi-

90 4261 126 4296 co
143 4237 282 4294 maxime.
308 4251 378 4308 qino
396 4234 528 4312 leguntur
543 4233 577 4288 da
618 4245 675 4289 tur.

97 4327 160 4382 lav.
209 4317 309 4380 Altero
328 4317 404 4374 euin
422 4315 485 4374 ioco
505 4313 578 4372 nibil
