2764 4796
261 393 897 538 monumemtum-,31
984 398 1077 538 '447

78 649 120 710 et
140 627 437 734 dispositionem
459 629 644 719 tradidit,
679 626 748 710 sed
768 630 979 730 utramque
1003 631 1080 708 dn-

78 750 242 851 plicem,
269 771 431 835 rerum,
452 771 495 820 ac
513 747 750 833 verborum,
776 760 824 820 ut
840 743 1078 824 fitelocutio
1136 808 1140 820 ,

76 861 344 950 inventionis,
374 862 654 962 pronunciatio
682 856 969 962 dispositionis:
1014 863 1079 940 hit

78 981 220 1080 quinta
243 1001 351 1078 pare,
386 977 598 1064 memoria,
626 975 790 1050 accedat
847 977 1079 1058 Theodorei

76 1093 161 1171 fere
192 1093 470 1170 inventionem
499 1089 726 1192 duplicent,
767 1117 915 1180 rerum,
960 1109 1079 1194 atque

75 1207 316 1308 alentionir,
345 1205 493 1288 deinde
516 1223 594 1284 tres
616 1218 759 1286 ceteras
778 1221 916 1307 partes.
974 1213 1100 1294 Her-o

75 1349 272 1425 magonis,
309 1321 527 1418 judicium,
562 1321 840 1420 partitionem,
880 1321 1077 1413 ordinem,

77 1463 263 1540 quaeque
295 1427 536 1516 elocutionie
565 1433 698 1524 sunt„
732 1432 890 1531 subiicit
921 1453 1078 1516 oecono-

74 1560 196 1646 miae,
223 1577 344 1655 quae,
376 1555 521 1630 Greeoe
543 1551 734 1656 appellate
753 1575 802 1630 ex
824 1577 1078 1632 cumrerum

138 1839 265 1897 tradidit.
316 1838 500 1898 Consentiunt
517 1838 575 1896 rtiei
597 1837 710 1914 quidem
733 1837 807 1916 libri.
820 1836 925 1898 omn'ee.
977 1841 1079 1900 Malim

76 1941 173 1984 temen
195 1926 294 1986 tradit,
322 1941 356 1980 ut
376 1943 469 1980 errore
490 1941 548 1980 nou
569 1924 682 1980 insoito
703 1922 884 1982 librariorum
904 1925 976 1983 male
989 1929 1078 1983 fuerit
1105 1982 1111 1991 ,

76 2009 218 2092 geminen
239 2007 340 2082 sylltbe
361 2009 396 2065 cs.
418 2007 560 2066 Drakenb.
577 2008 611 2064 ed
631 2011 697 2066 Liv.
716 2021 774 2080 28,
795 2025 851 2082 30,
873 2021 902 2084 4.
945 2013 1079 2086 Sequitur

77 2096 170 2149 eniam
191 2109 222 2148 ut
230 2091 279 2170 fit,
300 2113 423 2170 proquo
438 2093 567 2158 debebat,
591 2094 651 2168 posi
663 2095 844 2167 praeteritum
860 2097 987 2157 tradidit',
1009 2097 1077 2151 eise:

75 2195 108 2234 ert
130 2176 204 2256 effet.
247 2177 282 2232 oi.
306 2197 338 2240 r,
363 2199 416 2241 n,
437 2189 457 2248 8
479 2181 619 2252 praecipit.
662 2180 777 2238 Fateor,
807 2175 893 2232 modo
915 2181 998 2234 etiem
1017 2179 1078 2254 poll

75 2263 234 2333 adjecerunt
253 2258 325 2338 legi:
346 2262 421 2340 quafi
437 2261 493 2340 fit,
515 2259 565 2315 ubi
579 2259 688 2316 sortasse
700 2259 864 2338 diligentior
878 2263 1020 2321 Ciceronis
1036 2277 1080 2316 tea

75 2347 121 2402 tio
140 2343 306 2421 postulabat:
335 2346 410 2422 quast
428 2343 502 2425 effet.
545 2343 598 2399 Sed
617 2340 705 2419 potest
725 2343 780 2398 hoe
800 2345 886 2407 ferri,
914 2347 1018 2420 quippe
1041 2365 1078 2401 ex

74 2433 162 2506 ipfiut
178 2427 346 2503 Quintiliani
368 2427 461 2482 animo
477 2429 600 2485 dictum.
625 2427 774 2496 indicentis
793 2449 862 2484 nune
883 2428 918 2486 d'e
937 2431 984 2484 itti
1005 2429 1077 2503 edja-

76 2515 181 2576 etione,
202 2513 374 2589 anteusaeta.
414 2510 515 2568 Nostro
530 2509 592 2564 loeo
606 2507 745 2566 ordinatio
759 2531 804 2566 ea:
833 2511 927 2592 uiſse,
944 2514 981 2568 eil
994 2515 1097 2590 ipsine·

75 2599 193 2656 Dionis.
233 2599 271 2652 Et
287 2595 374 2652 solent
391 2595 549 2670 scriptores.
578 2609 649 2666 quoe
668 2591 748 2648 librie
769 2596 879 2670 prodita
901 2599 981 2661 sunt,
1020 2613 1078 2653 tan·

75 2698 256 2758 quein‘nune
269 2680 382 2736 demum
395 2677 468 2734 diota
473 2716 485 2742 ,
511 2692 728 2732 commemorare
742 2681 876 2752 praesenti
889 2693 1024 2756 tempore.

142 2770 278 2822 motoria.
322 2763 393 2822 cod.
416 2763 511 2819 Turio.
541 2764 697 2822 materiae.
728 2762 779 2818 ubi
802 2765 983 2820 commodum
1005 2767 1081 2822 dult-

75 2853 213 2932 bergente
227 2851 263 2910 V.
280 2851 314 2906 C.
329 2849 396 2904 citet
411 2861 446 2918 5,
468 2859 497 2915 5,
522 2866 548 2902 ι.
577 2863 698 2922 quartam
718 2875 762 2892 -
781 2851 944 2904 imitationis.

139 2934 252 3012 subjicit
272 2953 327 2989 oet.
367 2935 410 2986 Itu
433 2929 526 2988 Goels.
555 2949 618 2986 cnm
640 2927 733 2994 nim..
768 2931 819 2986 nifi
841 2921 965 3004 quod'ie
988 2935 1079 2988 veteri

74 3039 160 3077 more
175 3017 276 3094 subicit
294 3015 350 3088 (es.
371 3033 403 3079 t,
419 3025 456 3090 4,
483 3017 564 3084 tn).
611 3014 715 3077 Goth..
751 3033 815 3070 eum
837 3015 898 3070 edd.
920 3031 983 3070 ante
1003 3019 1079 3072 Stoe-

73 3108 155 3161 rium
172 3104 241 3157 tneie
258 3100 408 3162 omnibns,
423 3099 548 3176 subjecit.
591 3087 706 3154 Gibsoni
720 3097 843 3160 silentio,
864 3098 970 3154 nullent
987 3101 1077 3157 Codd.

72 3193 191 3246 suorum
203 3185 365 3241 varietatem
379 3185 527 3244 offerentis,
547 3183 640 3238 minue
656 3181 761 3237 tribues
777 3181 831 3236 boo
844 3181 924 3244 loco,
945 3185 1079 3256 qnoniam

72 3295 111 3329 ne
129 3271 192 3328 edd.
210 3269 323 3344 quidem
346 3271 454 3324 suarum
469 3282 605 3322 memoret
619 3285 679 3328 ote,
700 3285 770 3340 quae
791 3264 894 3322 hebent
913 3267 1077 3342 perfectum,

70 3375 144 3415 eum
157 3357 213 3431 ipse
228 3373 243 3408 e
259 3351 384 3410 Leidensi
401 3351 449 3408 det
468 3347 601 3428 prtesent.
645 3351 735 3413 Mihi.
757 3349 804 3406 ves
818 3351 854 3405 ob
869 3369 914 3412 et,
936 3369 1005 3424 qnae
1019 3371 1078 3406 mo·

69 3443 113 3498 do
132 3437 295 3518 tangebam,
315 3439 409 3514 potine
429 3437 544 3494 videtur
566 3437 698 3511 prtesene.
739 3437 839 3510 Neque
852 3435 926 3490 enim
943 3437 977 3490 sie
992 3453 1077 3514 cogor

68 3527 109 3582 ad
124 3524 296 3600 subjeetum:
322 3521 471 3578 venderet·
487 3519 643 3600 intelligere
657 3520 834 3582 tradiderunt,
854 3519 898 3576 [ed
913 3519 1034 3575 tradunt.

68 3781 165 3836 deret.
208 3775 261 3837 set
281 3793 338 3850 quo
352 3773 383 3830 in
398 3771 472 3831 libro
492 3773 560 3830 beet
599 3791 680 3834 nent,
701 3773 752 3848 qui
771 3773 931 3849 frequenter
946 3770 1077 3836 deelnme.

71 3860 223 3940 proposita
247 3859 334 3918 suerit
352 3879 368 3915 e
389 3859 483 3915 Dione
504 3857 561 3914 elo·
600 3860 675 3914 verit
690 3863 794 3914 liontue
810 3858 925 3932 aliisque
949 3855 980 3911 in
1002 3857 1078 3912 utbi-

69 3947 208 4024 quentite
221 3943 337 4007 divisio,
358 3943 472 4004 litoreo,
496 3941 559 3996 nnl·
598 3939 661 3997 bne.
710 3941 817 3996 Adeunt
838 3941 872 4000 de
893 3941 987 3996 Dione
1010 3941 1078 3998 tiro-

68 4035 99 4090 la
125 4047 244 4104 nequem
262 4043 475 4100 commemorota
498 4029 557 4098 ejus
597 4043 647 4086 nes
668 4025 748 4081 Febr.
780 4024 849 4082 bibl.
877 4028 973 4083 Gnaeo.
996 4024 1076 4084 littl-

69 4133 135 4174 arte
154 4115 297 4170 rhetorice.
344 4109 480 4168 Aualitu
502 4110 559 4164 suit
598 4109 662 4174 Vol.
679 4123 713 4178 5,
739 4124 794 4166 tna
813 4113 884 4186 seqq.

69 4201 202 4276 quedem
225 4193 370 4250 nomioie?
413 4193 465 4250 Sed
487 4193 558 4268 ejot-

69 4285 155 4344 modi
172 4281 246 4336 libet
260 4279 408 4338 ceditsane
423 4279 453 4342 in
469 4275 558 4334 ieni·
642 4279 764 4336 tradidit.
804 4279 865 4336 vid.
886 4291 945 4335 net.
965 4277 1036 4336 crit.
