2840 4778
514 355 856 470 PRAEPA‘rlo.
913 483 920 506 N
967 473 972 486 ,
1074 367 1185 473 ιιι

137 587 286 668 'Hae
330 599 492 666 autem
520 584 655 684 quales
686 581 762 659 fint
789 583 971 692 proprie,
1020 609 1115 663 cum
1147 603 1186 666 et

176 727 460 818 conjectura
483 716 555 794 sua
575 717 692 795 usum
708 715 747 794 se
762 717 995 820 profiteatur
1009 721 1185 800 Obrech-
1293 749 1298 771 ¹

180 879 286 948 ms,
340 853 441 959 ipso
478 853 645 956 quidem
675 855 803 956 editio
828 860 1031 932 neminem
1055 855 1183 950 docet,
1390 835 1392 842 ⁵

199 1009 248 1070 et
275 993 364 1069 hic
402 1013 576 1089 quoque
607 989 763 1080 Codex,
815 994 887 1094 qui
916 992 1078 1070 videtur
1109 991 1183 1070 effe
1281 1013 1283 1022 ’

209 1122 574 1232 preestmtiffiinus
594 1107 855 1224 proiimeque
870 1127 920 1202 ad
930 1129 1064 1204 Turio.
1080 1131 1180 1204 Alm.

222 1261 345 1342 Bodl.
376 1257 585 1376 accedere,
632 1275 808 1360 expectat
836 1285 992 1338 novum
1021 1263 1182 1342 collato-¹

235 1423 340 1488 rem,
402 1397 480 1498 qui
513 1391 628 1468 facile
658 1392 787 1495 potest
815 1397 854 1470 ei
882 1398 1112 1496 contingere
1139 1396 1185 1474 in

228 1533 353 1623 urbe,
401 1527 478 1606 tibi
511 1528 758 1619 Brunckius,
799 1527 1185 1632 Schweigheoserus,
1300 1535 1310 1598 ’.
1396 1621 1399 1630 ¹

231 1667 452 1745 Oberlinus
474 1680 655 1740 tutantur
671 1663 820 1742 nostras
837 1665 980 1742 literas.
1038 1671 1097 1742 Ex
1114 1667 1187 1744 ali·

224 1829 314 1904 qua
335 1813 449 1903 parte
469 1795 709 1876 defiderium
728 1799 910 1878 nostrum
935 1801 1084 1879 levavit
1103 1803 1184 1878 Ob·
1232 1779 1237 1788 ⁶

226 1937 398 2015 rechtus
419 1935 674 2038 praemittens
700 1937 828 2012 textui
859 1935 1059 2028 „indicem
1080 1963 1184 2040 quo·
1295 1977 1298 1984 ·

225 2070 435 2164 „tundam
462 2071 645 2162 locorum
679 2096 781 2171 quos
821 2113 870 2130 ·-·
919 2071 1184 2150 emendavit.“
1289 2085 1293 2090 '
1337 2097 1340 2102 ·

155 2281 160 2292 ,
226 2207 323 2310 Ipse
347 2207 392 2282 in
420 2229 483 2296 ec,
529 2229 649 2306 quam
677 2205 761 2281 dixi
790 2203 954 2308 epistola
982 2207 1184 2284 rectiffime

229 2343 357 2422 sentit
380 2339 431 2416 de
458 2342 571 2418 omni
598 2339 677 2417 hoc
701 2343 876 2442 negotio.
932 2341 1040 2418 Nam
1062 2341 1186 2430 „Vul-

233 2489 382 2572 „nera“
412 2477 465 2586 ait
500 2491 571 2566 „ut
592 2471 719 2550 sanari
744 2471 783 2548 se
805 2476 1027 2578 patientur,
1063 2473 1185 2550 cruda

235 2613 353 2704 „sunt
378 2609 577 2687 tractanda
599 2623 638 2684 et
662 2609 805 2698 collus,
857 2607 970 2709 quod
1002 2608 1186 2687 obductis

246 2747 366 2838 „mate
394 2745 642 2822 cicatricibus
673 2739 761 2820 fieri
785 2738 904 2832 tolet,
962 2743 1013 2820 ad
1044 2745 1187 2820 vivum

239 2879 504 2976 „resecandus
563 2879 817 2979 Ecorruptis
839 2893 943 2956 certe
970 2879 1070 2957 locis
1093 2879 1185 2958 nul·
1292 2879 1304 2914 ⁰

236 3017 325 3110 „los
346 3013 507 3092 felicius
531 3015 744 3090 correxerit
771 3015 844 3114 qui
864 3031 945 3090 arte
967 3031 1007 3094 et
1030 3013 1184 3110 iudicio

234 3153 387 3246 „valet‚
414 3175 538 3252 quam
558 3149 629 3249 qui
653 3163 693 3223 et
716 3175 739 3222 a
758 3147 930 3225 librariis
950 3145 1185 3268 hnpemtilii·

232 3311 326 3380 „me
356 3283 493 3386 scripti
520 3299 559 3359 et
586 3283 634 3358 ab
666 3281 988 3364 emendatoribus
1016 3309 1092 3386 pro
1115 3281 1185 3358 de-

233 3417 521 3525 „sperctiffimie
543 3419 683 3514 abiecti
704 3415 831 3496 sunt.“

171 3692 423 3796 Altenbnrgi
464 3715 514 3770 ex
548 3687 704 3770 officina
742 3687 945 3766 Richteria
984 3705 1102 3786 1773.
1123 3695 1184 3775 ’8.

231 3831 315 3909 Hic
338 3849 497 3932 ponere
521 3827 648 3904 malui
679 3842 854 3905 curatam
881 3824 930 3899 ab
952 3795 1111 3900 Harlete
1128 3825 1184 3898 'V.

229 3967 280 4046 C.
336 3961 625 4066 repetitionem
674 3961 928 4038 Rollinianee
982 3959 1186 4063 epitomes,

216 4122 359 4207 qoam
377 4095 479 4176 suae
496 4097 658 4203 proprie
673 4095 788 4174 aetati
801 4091 977 4176 reddere.
1027 4095 1186 4174 Notum
