2752 4780
264 373 336 456 562
501 364 559 436 Μ
589 363 691 436 FAB.
723 353 1040 459 QUINTILIANI

264 557 407 644 tentia,
441 551 663 630 secundum
686 553 920 652 opinionem
943 549 1270 651 pulcherrimam,

265 672 439 749 neutile
466 669 650 769 quidem,
685 664 759 742 niii
785 667 898 767 quod
919 665 1135 744 honestum
1166 665 1273 754 esset,

242 785 533 864 aexistimarint
598 789 648 858 Et
669 781 723 857 est
744 783 840 857 haec
862 786 965 860 ratio
995 782 1209 870 veriflima,
1244 781 1272 856 fi

265 901 475 980 eonsilium
508 903 711 1000 contingat
739 897 893 999 semper
921 901 1128 974 bonorum
1150 916 1272 997 atque

264 1017 498 1120 sapientum.
571 1021 721 1090 Verum
751 1013 856 1114 apud
884 1017 1115 1114 imperitos,
1162 1014 1273 1114 apud

267 1153 369 1235 quos
390 1131 621 1232 frequenter
640 1131 807 1205 dicenda
825 1129 1014 1224 sententia
1029 1127 1107 1218 est,
1137 1156 1272 1230 popu·

265 1251 436 1348 lumque
459 1251 690 1348 praecipue,
733 1249 805 1346 qui
832 1273 880 1320 ex
903 1247 1089 1346 pluribus
1121 1244 1272 1321 constat

265 1363 459 1452 indoctis,
498 1361 755 1438 discernenda
782 1361 873 1436 suut
901 1353 1025 1450 haec,
1060 1377 1101 1436 et
1132 1352 1271 1436 secun·

267 1479 367 1556 dum
383 1503 617 1556 communes
630 1480 752 1578 magis
768 1479 990 1554 intellectus
1000 1477 1267 1576 loquendum.
1278 1505 1316 1556 ατε

241 1599 367 1677 nsunt
391 1597 499 1667 enim
521 1595 660 1680 multi,
702 1595 773 1691 qui
799 1597 935 1681 etiam,
972 1618 1074 1692 quae
1101 1591 1271 1667 credunt

266 1700 447 1812 honesta,
483 1723 718 1784 nontamen
747 1707 835 1785 satis
865 1707 1004 1787 eadem
1032 1708 1148 1783 utilia
1171 1735 1271 1808 quo·

229 1893 231 1898 .
265 1849 345 1922 que
367 1821 607 1909 existiment,
636 1839 693 1910 et,
727 1851 829 1922 quae
848 1827 978 1928 turpia
994 1819 1068 1897 effe
1085 1823 1269 1898 dubitare

141 1943 145 1954 '
265 1963 350 2012 non
378 1935 556 2036 poliunt,
594 1939 777 2012 utilitatis
803 1937 932 2039 specie
956 1940 1064 2015 ducti
1086 1941 1268 2040 probent,

191 2045 196 2054 ’
266 2068 313 2128 ut
339 2045 491 2159 foedus
521 2053 829 2142 Numantinum,
869 2053 1096 2164 jugumque
1127 2055 1268 2132 Caudi·

151 2257 157 2276 .
239 2189 368 2252 enum.
425 2173 491 2244 Ne
510 2169 708 2268 qualitatis
733 2171 899 2270 quidem
925 2169 1041 2259 statu,
1070 2171 1115 2246 in
1133 2199 1219 2272 quo
1236 2187 1270 2244 et

137 2355 143 2365 .
265 2281 526 2360 honestorum
550 2299 589 2358 et
608 2285 772 2358 utilium
789 2283 966 2388 quaestio
986 2285 1063 2376 est,
1096 2289 1268 2388 comple·
1340 2283 1341 2290 '

267 2405 320 2478 cti
344 2426 406 2476 eas
430 2399 519 2474 satis
544 2397 608 2474 est.
679 2403 786 2475 uam
806 2399 1039 2502 frequenter
1059 2403 1105 2479 in
1129 2403 1196 2480 his
1218 2419 1267 2478 et-

329 2643 409 2721 exist.
426 2661 454 2702 et
473 2666 550 2718 quae.
590 2649 633 2700 Ite
654 2649 752 2704 Turio.
777 2649 851 2706 Alm.
870 2669 934 2706 eum
957 2649 1028 2709 obe.
1072 2651 1169 2708 Ceteri
1190 2654 1266 2708 omit-

159 2795 162 2802 *
266 2743 330 2786 tunt
347 2747 390 2791 et.
412 2747 469 2804 quo
486 2731 577 2786 oratio
592 2734 736 2788 contrahit
750 2735 854 2808 aliquid
869 2737 971 2810 poetici
984 2735 1032 2792 vel
1046 2738 1165 2792 oratorii
1177 2737 1263 2792 [altem
1338 2723 1339 2753 ¹

267 2813 384 2876 coloris.
406 2816 456 2888 qui
472 2813 505 2870 ab
522 2815 575 2870 huc
588 2817 707 2874 docendi
728 2820 900 2894 simplicitate
917 2821 953 2875 est
969 2821 1086 2876 alienus.
1127 2821 1263 2878 Facillime

266 2897 411 2953 excidebat
431 2899 491 2974 post
511 2898 656 2975 euistiouit.
755 2923 764 2958 t
863 2925 907 2960 em
923 2905 995 2981 satis
1016 2903 1065 2982 est.
1108 2905 1204 2962 (iucif.
1221 2905 1263 2981 [ιι

260 2981 350 3060 fast.
372 3003 437 3038 eum
451 2984 530 3044 Voii.
550 3005 574 3040 1.
591 2999 619 3054 5.
639 2989 723 3042 Beru.
766 2990 851 3044 Mire.

224 3178 227 3188 ¹
246 3194 252 3204 “
307 3182 446 3260 confilium
453 3183 661 3261 sssapimtum.
675 3189 745 3246 Non
787 3205 851 3244 eum
864 3187 1004 3242 concilium
1016 3203 1031 3240 a
1044 3187 1206 3253 conciendo,
1220 3185 1260 3241 vel

266 3270 478 3350 opines-tuom,
499 3289 582 3343 qoam
599 3273 744 3334 Gesnerut,
786 3271 953 3328 eoneelaudo
973 3272 1096 3332 dicetur,
1132 3271 1260 3350 confilium

266 3365 294 3406 et
316 3369 380 3408 aute
401 3353 476 3408 huuc
498 3355 615 3418 Badius.
635 3355 744 3418 maluit.
785 3355 990 3412 acousulondo.
1012 3356 1058 3412 sic
1073 3357 1133 3414 cte.
1155 3359 1199 3412 De
1213 3357 1258 3414 01.

266 3439 420 3499 concilium,
440 3455 523 3510 quam
540 3453 632 3494 tannen
648 3440 744 3496 nulius
788 3457 816 3502 2,
838 3451 878 3511 82
902 3441 966 3494 init.
990 3442 1258 3516 „sopiens—ooni-

265 3518 313 3574 hio
327 3519 398 3576 liber
415 3524 538 3577 ostendit.
561 3525 619 3578 vid.
634 3539 693 3578 not.
710 3525 743 3580 ad
786 3525 905 3588 ‚‚iitun.“
970 3529 1039 3580 Item
1068 3526 1103 3580 de
1124 3524 1256 3598 judicibus

268 3616 295 3662 2,
315 3619 360 3666 ¹7.
384 3617 432 3674 28.
455 3608 507 3660 lsto
521 3606 583 3662 loco
597 3609 745 3687 degenere
786 3630 850 3664 eum
879 3624 1006 3684 praetore
1033 3610 1081 3666 vel
1102 3612 1254 3684 quiefitore.

263 3684 447 3744 deliberativo
470 3693 582 3766 proprie
610 3712 666 3750 uon
688 3695 745 3773 egi·
786 3695 846 3750 viti.
861 3691 1016 3750 EruClmr.
1032 3695 1089 3751 Cic.
1106 3695 1134 3748 h.
1149 3715 1179 3748 v.

266 3781 322 3828 tur.
342 3789 441 3826 verum
456 3776 490 3828 de
503 3797 670 3852 quocunque
681 3797 747 3832 eon·
830 3783 1022 3836 Numantinum
1037 3807 1079 3822 -
1091 3823 1095 3826 .
1105 3779 1251 3834 Caudium

266 3853 333 3908 setl'u
356 3857 547 3925 audientium
569 3862 615 3916 hic
631 3864 653 3916 ii
661 3899 669 3924 ‚
691 3863 743 3937 qui
783 3865 829 3917 De
850 3863 960 3918 foedere
975 3863 1152 3919 Numantino
1166 3861 1251 3914 viden·

264 3954 473 4002 convenerunt,
492 3944 526 3996 ad
542 3946 740 4003 enuntiandum
782 3947 834 4002 diu
857 3947 893 4002 est
915 3949 1120 4004 Freinshemius
1142 3947 1172 4000 iu
1197 3947 1249 4018 sup·

261 4019 324 4074 snut
337 4027 505 4102 congregati.
517 4046 574 4100 quo
588 4031 661 4086 redit
670 4033 742 4086 Gro-
780 4031 929 4107 plementie
954 4033 1082 4088 Liuianis
1111 4031 1129 4086 l.
1155 4043 1201 4096 55·
1224 4046 1245 4080 c·

198 4129 201 4136 ·
259 4105 380 4160 neviana
393 4127 506 4182 quoque
522 4113 604 4168 titio.
648 4116 739 4172 Futile
785 4117 931 4184 15-26.
974 4117 1020 4172 De
1041 4116 1166 4174 Caudino
1184 4116 1243 4188 jugo
1331 4091 1332 4180 i

258 4205 318 4243 reru
345 4189 456 4246 dirimit
482 4193 576 4269 ipsum
611 4213 737 4274 etymon.
777 4201 844 4258 Liv.
859 4202 909 4258 lib.
924 4221 953 4278 9.
975 4221 998 4258 c.
1019 4221 1144 4256 i-n·
