2870 4792
341 423 463 494 msa.
491 423 699 495 onaaon
728 429 817 496 nm.
845 429 899 514 11,
926 442 962 518 4·
1080 447 1149 520 275
1191 411 1193 420 ’

167 567 176 598 f
502 563 506 569 .

142 609 241 688 state
264 607 483 712 proficient.
543 613 609 686 Ne
632 609 739 689 illud
760 613 925 715 quidem
946 616 1056 719 quod
1081 610 1194 698 ad-i0

141 752 380 804 moneamus
408 725 621 826 indignum
645 725 720 816 est,
747 732 907 829 ingenia
928 759 1150 834 puerorum

141 845 269 921 nimia
295 843 454 918 interim
481 843 768 920 emendationis
786 844 988 924 severitate
1009 848 1150 926 defice·

142 983 208 1034 re:
243 983 334 1032 nam
352 973 389 1030 et
406 955 629 1056 desperant,
659 975 697 1032 et
715 959 869 1049 dolent,
891 979 929 1036 et
944 957 1148 1042 novissime

139 1070 337 1158 oderunt,
355 1087 393 1146 et
409 1073 542 1171 (quod
555 1077 724 1148 maxime
740 1078 882 1175 nocet)
899 1078 996 1152 dum
1013 1085 1149 1156 omnia

95 1239 101 1257 .
141 1191 303 1276 timent,
332 1188 436 1262 nihil
455 1203 658 1262 conantur.
719 1189 838 1295 Quod
856 1193 970 1267 etiam
994 1193 1192 1271 r'usticisu

143 1319 287 1382 notum
311 1301 384 1390 est,
413 1306 485 1401 qui
510 1301 722 1378 frondibus
747 1307 890 1380 teneris
905 1335 989 1384 non
1008 1325 1150 1410 putant

143 1417 411 1494 adhibendam
448 1413 537 1492 effe*
556 1418 719 1506 falcem,
744 1423 855 1520 .quia
888 1424 1149 1500 reformidare
1247 1477 1251 1484 -

142 1531 299 1613 ferrum
317 1532 522 1620 videntur,
552 1549 590 1606 et
614 1537 832 1624 cicatricem
856 1537 1039 1614 nondum
1067 1543 1149 1640 pati

141 1647 262 1752 po'ii'e.
320 1649 524 1730 iucundus
542 1665 740 1750 ergotum
754 1655 922 1726 maxime
939 1653 1055 1728 debet
1073 1653 1193 1730 effen
1244 1686 1245 1694 ¹

144 1779 395 1865 praeceptor,
421 1779 467 1838 ut
492 1764 683 1854 remedia,
712 1791 813 1864 quae
835 1770 984 1866 aiioqui
1008 1787 1149 1847 natura
1290 1761 1293 1768 ⁴

143 1873 239 1954 i'unt'
259 1875 409 1978 aspera,
445 1879 559 1953 molli
584 1905 705 1954 mann
731 1877 951 1958 leniantur:
986 1885 1148 1996 laudam

145 1997 297 2092 aliqua,
316 1990 419 2067 ferre
436 1993 648 2094 quaedam,
666 2010 819 2070 mutare
834 2002 969 2087 etiam,
993 2001 1148 2076 reddita

146 2134 220 2184 cur
237 2109 280 2182 id
296 2103 361 2182 fiat
376 2111 546 2197 ratione;
577 2110 823 2198 illuminare,
855 2115 1148 2213 interponendo

145 2223 301 2324 aliquid
323 2221 395 2298 sui.
455 2226 761 2322 Nonnunquam
783 2229 859 2300 hoc
884 2253 1048 2328 quoque
1074 2235 1150 2305 erit

148 2339 268 2428 utile,
296 2355 395 2416 totus
423 2337 553 2438 ipsum
584 2337 729 2412 diotare
761 2344 959 2426 materias,
987 2369 1083 2442 quas
1112 2360 1151 2419 et

145 2457 327 2531 imitetur
340 2479 459 2554 puer,
482 2469 520 2526 et
535 2455 697 2527 interim
718 2468 903 2552 tanquam
929 2455 1014 2532 suas
1036 2475 1147 2533 amet.

146 2575 199 2650 At
221 2565 248 2643 st
272 2586 350 2644 tam
370 2571 575 2668 negligens
599 2570 636 2642 ei
656 2565 765 2644 stilus
781 2567 921 2660 inerit,
952 2587 997 2648 ut
1013 2595 1194 2651 emen-¹3

146 2681 350 2760 dationem
367 2710 450 2760 non
471 2685 651 2784 recipiat:
682 2701 865 2784 expertus
886 2685 972 2762 sum
988 2685 1150 2788 prodes·

145 2799 205 2890 se,
237 2802 392 2900 quoties
409 2797 575 2876 eandem
590 2803 791 2873 materiam
814 2799 944 2877 rursus
964 2827 985 2875 a
1003 2829 1068 2878 me
1088 2829 1151 2880 re-

145 2931 365 3015 tractatam,
387 2912 555 2988 scribere
571 2913 621 2988 de
638 2917 792 3016 integro
813 2917 1012 3014 juberenn
1036 2945 1090 3016 po
1128 2948 1150 2994 e

208 3142 301 3220 rursus
321 3173 365 3190 ··-
390 3157 572 3198 retractatam.
617 3139 709 3198 Guelf.
732 3141 803 3218 rurs.
833 3173 875 3188 -
902 3161 1058 3220 tractatam„
1097 3143 1152 3201 Sed

145 3243 221 3286 reete
242 3230 367 3284 defendit
387 3242 523 3301 receptam
544 3231 733 3282 Burmannus.
774 3230 923 3298 Ejusmodi
941 3229 1015 3282 enim
1033 3227 1153 3301 pii-onai·
1240 3243 1243 3256 '

145 3333 228 3370 metm
246 3335 261 3367 a
278 3311 421 3368 veteribus
439 3329 494 3366 non
516 3310 594 3366 iniiie
611 3313 731 3364 vitatum
753 3312 848 3366 miritis
873 3313 1008 3386 exemplis
1030 3327 1150 3386 apparet.

145 3399 221 3476 epod
236 3398 402 3454 Suetonium
419 3395 578 3471 inprimit.
600 3411 627 3452 et
641 3394 689 3452 hie
707 3395 756 3452 ubi
772 3399 967 3473 repetitionem
984 3415 1152 3472 magnopere
1257 3409 1262 3422 ⁴

191 3617 257 3672 praua
286 3611 313 3652 et
339 3599 456 3652 imitetur
483 3611 628 3659 fumet.
670 3593 831 3678 „intellectu
853 3605 954 3648 caret.“
995 3595 1093 3674 Neque
1112 3609 1152 3648 te.

147 3681 273 3742 Interim.
301 3680 389 3734 donec
402 3679 528 3733 imitatus
545 3681 629 3736 inerit
670 3697 733 3732 men
751 3697 821 3756 nego
835 3677 879 3730 vel
895 3677 928 3730 do
945 3681 1073 3756 cogitatis
1089 3679 1150 3752 ipfit

144 3764 198 3822 hu
213 3783 228 3817 ι
243 3765 371 3843 magistro
388 3765 522 3838 pmiectm
545 3779 630 3816 mnte-
670 3758 744 3838 posse
765 3761 886 3838 intelligi
909 3780 978 3832 qnae
999 3763 1150 3836 discipulus

145 3851 220 3910 rias.
242 3847 271 3902 h.
288 3869 311 3902 e.
335 3849 629 3904 declamatiuoeeinte-
670 3845 749 3900 domi
776 3843 948 3925 nepiigenter
973 3845 1057 3899 nimis
1087 3867 1150 3900 con.

145 3931 629 4014 gnt.nmabiteas,tanqnamsuas.
670 3929 813 4002 scripserit.
856 3933 880 3982 It
906 3931 980 3981 enim
1002 3931 1038 3983 est
1058 3927 1150 4005 stilus,

147 4019 255 4092 quippe
277 4017 327 4073 tibi
347 4037 361 4070 a
384 4032 562 4094 praeceptore
582 4015 630 4078 do.
670 4018 802 4070 auititioru'
829 4015 969 4089 oppositus
999 4033 1027 4068 v.
1052 4031 1088 4073 2,
1120 4029 1149 4078 2.

148 4115 236 4158 mm.
676 4118 722 4152 ΙΙ.

193 4185 401 4260 temnegiigens
409 4181 501 4261 stiins.
523 4201 554 4244 v.
568 4203 593 4246 ι,
606 4203 631 4246 ι,
713 4177 804 4256 rursus
823 4211 865 4227 ··-
885 4197 1066 4239 retractatum.
1090 4183 1149 4241 vid.

148 4279 192 4342 2ss
216 4269 349 4345 ..(ίῦὶω)
362 4273 442 4330 rudit
461 4284 489 4325 et
503 4267 631 4326 eentum
671 4267 820 4404 noosCrit.

774 4365 792 4406 8
