2840 4778
289 409 360 462 m
612 348 957 464 PRAEFATIO.

377 577 436 656 E'x
461 573 607 680 insigni
631 534 877 667 editionum,
921 553 1176 678 quaefactae
1199 577 1294 654 [unt

294 713 492 818 scriptoris
516 715 617 805 mei,
644 707 905 790 multitudine
928 737 1014 790 non
1036 727 1297 791 contemnen-

294 850 393 926 dum
431 851 599 926 adhibui
635 841 851 925 'numerum
887 871 1020 947 neque
1053 846 1298 950 poenitenda

294 987 482 1086 exempla.
541 985 725 1086 Principe
734 983 901 1084 quidem
916 983 1092 1059 editione
1107 985 1227 1082 (quae
1240 979 1299 1058 est

179 1098 181 1116 Ι
294 1121 498 1222 Campani,
526 1135 657 1196 curata
670 1124 832 1208 Romae,
859 1143 964 1196 anno
983 1117 1300 1218 MCCCCLXX)

296 1257 443 1356 pariter¹
474 1283 518 1331 ac
544 1253 716 1332 secunda
739 1251 966 1343 Andreana,
1007 1248 1203 1354 progreiia
1227 1251 1301 1328 illa

297 1389 438 1468 eodem
464 1415 582 1480 anno,
620 1393 719 1480 item
744 1392 913 1478 Romae,
948 1411 997 1464 ex
1022 1385 1178 1465 officina
1201 1391 1303 1463 Ger-

296 1531 690 1604 manorumPannarz
701 1541 739 1598 et
751 1523 1007 1612 Sweinheim‚
1023 1524 1143 1598 carui.
1182 1523 1306 1600 Cam·

297 1663 507 1760 panianam
533 1683 627 1738 cum
653 1658 1001 1758 Capperonnerius
1031 1655 1186 1734 Pan'fiis
1211 1683 1305 1736 non

298 1796 520 1882 inveniret‚'
543 1795 856 1870 communicavit
875 1819 968 1870 cum
991 1817 1040 1869 eo
1065 1793 1219 1894 aliquot
1239 1794 1308 1870 lo·

174 1953 177 1964 ·
300 1951 442 2002 corum
467 1933 552 2022 ejus
575 1929 829 2006 collationem
858 1929 1070 2018 Metariua,
1103 1929 1306 2028 quietim

212 2106 215 2115 ·
299 2061 474 2162 Epistola
495 2063 546 2138 ad
564 2063 767 2140 Clericum
785 2064 836 2139 de
858 2079 951 2140 antt.
972 2071 1047 2172 Qu.
1064 2062 1161 2139 Edd.
1179 2089 1308 2164 quae·

301 2194 393 2272 dam
422 2199 663 2276 Lectionum
690 2195 905 2299 specimina
934 2199 1112 2288 exhibet,
1162 2213 1305 2284 nactus

300 2333 530 2433 exemplum
570 2331 812 2410 vetustiffimi
846 2335 941 2411 libri
975 2361 1024 2410 ex
1057 2334 1304 2411 bibliotheca
1401 2345 1402 2352 ’

298 2467 596 2546 Pembrokima.
662 2474 750 2548 Nec
785 2472 895 2547 ullus
933 2485 1132 2571 praeterea
1168 2467 1303 2546 editor

297 2599 400 2679 hanc
423 2603 642 2683 editionem
669 2631 763 2682 cum
782 2621 893 2682 textu
915 2597 1130 2682 contendit.
1187 2606 1305 2682 Mul-

299 2739 348 2811 tis
370 2738 515 2834 abhinc
545 2742 676 2829 annis,
721 2765 815 2837 cum
839 2743 883 2816 in
904 2743 1024 2841 Regis
1050 2737 1183 2817 nostra
1209 2743 1305 2817 aula

298 2869 520 2948 versaretur
536 2871 773 2952 doctiffimus
789 2877 1043 2977 Ianperatoris
1069 2891 1203 2952 orator
1220 2879 1303 2952 Re·
1398 2927 1399 2938 κ

298 3005 424 3084 vitius
446 3007 604 3114 Comes,¹
630 3011 746 3086 etiam
762 3011 941 3114 Berolini
955 3027 1112 3112 poterat
1135 3007 1303 3113 spectari
1397 3099 1398 3108 ἵ

274 3139 365 3216 'bic
394 3141 515 3232 liber,
561 3147 755 3244 quoniam
785 3148 890 3222 inter
917 3145 1182 3224 bibliothecae
1213 3153 1302 3242 ejus

296 3275 515 3354 lectiffimae
533 3281 688 3356 cimelia
706 3278 945 3370 servabatur,
973 3306 1074 3382 quae
1089 3307 1200 3358 nunc
1220 3285 1304 3362 Co·
1396 3329 1397 3342 κ

294 3416 433 3490 mitem
456 3417 699 3515 Spencerum
730 3415 849 3490 habet
875 3415 1106 3507 dominum,
1142 3435 1193 3496 ut
1212 3417 1302 3496 duo

295 3550 340 3624 in
382 3548 512 3626 insula
553 3565 737 3624 veterum
779 3551 986 3628 literarum
1032 3549 1305 3630 studiostssima

294 3681 418 3774 hujus
436 3683 624 3760 editionis
643 3685 822 3786 exempla
842 3681 916 3762 effe
941 3683 1101 3777 constet,
1128 3685 1228 3763 dum
1253 3690 1305 3764 in
1394 3707 1395 3757 t

295 3817 463 3916 reliquis
499 3820 613 3894 terris
645 3844 697 3895 ne
726 3821 801 3895 uni
833 3821 1000 3922 quidem
1030 3821 1190 3900 editori
1210 3821 1304 3922 post

296 3953 373 4026 tria
399 3949 529 4028 secula
555 3955 679 4054 potiri
706 3979 752 4029 ea
774 3957 980 4056 contingit.
1046 3955 1303 4034 Andreanam
1392 4003 1393 4050 3

294 4081 496 4170 Gibsonus
524 4087 696 4204 contulit
717 4103 757 4163 et
779 4089 978 4191 excerpsit,
1004 4117 1137 4192 neque
1164 4109 1304 4172 tamen
1390 4063 1393 4153 i
