2870 4792
661 57 673 88 Κ

332 395 454 466 INST.
482 396 691 468 ORATOR„
716 399 808 468 LIB.
835 393 871 486 I,
901 420 958 470 ιο.
1047 385 1150 494 '229
1209 357 1212 364 ⁴

146 583 330 660 extiterit.
375 585 475 684 duae
495 582 523 658 s1
548 585 630 660 dici
654 585 772 660 debet
796 585 843 660 ab
869 603 1045 678 oratore,
1074 613 1150 666 nec

147 699 228 776 dici
250 703 346 776 citra
365 697 568 780 scientiam
585 693 749 777 musices
765 699 892 801 potest
899 730 910 792 ;
940 703 1148 802 quomodo

144 841 250 903 non,
287 815 391 890 hanc
426 841 590 916 quoque
629 833 753 892 artem
788 814 1036 894 necessariam
1071 816 1145 894 else
1181 847 1206 883 .·.

142 932 257 1030 operi
292 928 446 1018 nostro,
482 932 548 1006 vel
582 920 730 1031 iniqui
754 929 1030 1008 consentiant?
1097 939 1192 1018 luet

140 1051 358 1150 geometria
374 1061 526 1146 partem
543 1044 721 1122 fatentur
740 1043 814 1154 esse
833 1049 977 1122 utilem
997 1053 1143 1126 teneris

38 1175 42 1188 ·
140 1161 344 1238 aetatibus.
377 1163 515 1262 agitari
528 1187 701 1261 namque
717 1163 888 1251 animos,
919 1179 1038 1264 etque
1053 1167 1143 1245 acui

139 1277 318 1376 ingenia,
358 1293 399 1352 et
441 1279 680 1352 celeritatem
721 1277 969 1378 percipiendi
1001 1282 1141 1356 venire

139 1391 254 1479 inde,
281 1389 527 1468 concedunt:
561 1389 629 1478 sed
644 1389 827 1492 prodesse
848 1417 952 1482 eam,
982 1419 1067 1472 non
1092 1409 1140 1472 ut

139 1523 285 1582 ceteras
311 1523 430 1594 artes,
466 1533 558 1582 cum
585 1524 791 1608 perceptae
819 1505 915 1598 sint,
947 1505 1016 1584 sed
1044 1530 1140 1586 cum

138 1619 328 1710 discatur,
358 1618 589 1697 existimant.
646 1629 701 1698 Ea
720 1624 895 1722 vulgaris
913 1625 1053 1724 opinio
1070 1621 1184 1698 estet

136 1738 224 1812 Nec
256 1733 336 1812 stne
361 1733 473 1812 causa
498 1735 645 1816 summi
672 1739 753 1814 viri
775 1741 892 1818 etiam
921 1735 1138 1839 impensam

134 1850 232 1928 huic
257 1849 440 1928 scientiae
465 1849 626 1952 operam
648 1853 857 1930 dedenutt.
915 1857 1022 1930 Nam
1044 1879 1137 1932 cum

135 1965 179 2042 sit
192 1973 412 2072 geometria
427 1965 551 2046 divisa
570 1971 816 2046 innumeros
833 1987 950 2068 atque
969 1967 1135 2046 formas:

134 2107 400 2158 numerorum
422 2081 587 2182 quidem
609 2087 751 2160 notitia
774 2111 858 2160 non
879 2085 1026 2162 oratori
1049 2109 1136 2158 mo·

135 2195 206 2287 do,
235 2194 308 2272 sed
327 2199 557 2296 cuicunque
577 2201 718 2297 primis
739 2199 876 2272 saltem
896 2199 1022 2274 literis
1044 2221 1136 2272 eru·

133 2311 236 2404 dito,
260 2309 551 2388 necessariaest.
610 2317 656 2388 In
687 2311 806 2400 causts
834 2337 932 2390 vero
961 2313 1026 2387 vel
1055 2308 1135 2386 fr'e·

131 2425 380 2528 quentissmte
411 2424 557 2504 versari
594 2426 712 2504 solet:
746 2429 790 2502 in
827 2427 975 2526 nribus
1007 2441 1149 2515 actor„

129 2567 211 2618 uon
239 2541 354 2631 dico,
389 2541 417 2616 st
449 2544 550 2620 circo
575 2539 745 2618 summas
775 2541 964 2640 trepidat,
999 2539 1067 2616 sed
1103 2538 1132 2614 st
1167 2585 1172 2592 ·

130 2655 354 2758 digitorum
377 2656 513 2732 saltem
533 2659 687 2736 incerto
712 2674 781 2732 aut
804 2657 995 2732 indecoro
1021 2654 1132 2762 gestu
1219 2709 1223 2724 .

130 2797 151 2846 a
170 2775 472 2872 computatione
494 2769 684 2864 dissentit,
708 2764 911 2867 iudicatur
934 2763 1149 2880 inddctun

75 2889 199 2995 ¹¹2llia
220 2913 323 2964 vero
345 2889 504 2964 linearis
528 2891 648 2978 ratio,
678 2905 717 2964 et
736 2885 818 2989 ipsa
838 2887 1004 2990 quidem
1026 2887 1176 2966 caditafi

190 3113 368 3192 consentiant.
412 3113 505 3172 Guels.
524 3113 686 3191 consentient
707 3136 770 3172 cum
793 3116 880 3174 Goth.
903 3118 973 3184 (tec.
990 3115 1090 3184 Geso.)
1106 3127 1135 3168 et

129 3201 225 3256 multis
240 3199 332 3258 codd.
374 3197 463 3256 Placet
475 3219 571 3276 paene.
736 3201 868 3275 cotug.
895 3201 988 3256 Gnels.
1003 3193 1030 3254 et
1044 3197 1132 3254 Goth'.

130 3287 202 3352 (tac.
218 3287 322 3352 Geta.)
344 3285 377 3338 sd
398 3287 472 3358 vulg.
495 3303 559 3338 cnm
581 3283 712 3340 omnibus
736 3286 794 3340 sere
818 3283 906 3340 Codd.
928 3299 956 3338 et
979 3281 1041 3338 edd.
1059 3295 1131 3336 vett.

129 3367 204 3424 Male
226 3371 303 3432 sane;
323 3373 373 3422 etsi
388 3370 491 3446 Regius
509 3369 590 3424 etiam
607 3369 801 3448 elegantiorem
816 3385 895 3444 pnttn
910 3370 989 3424 usum
1004 3365 1131 3421 neutrius

128 3469 211 3526 quam
226 3451 357 3508 seminini
372 3453 400 3508 h.
416 3448 435 3508 l.
479 3454 533 3508 Sed
547 3453 638 3510 velim
652 3455 770 3516 discere,
792 3453 866 3508 unde
881 3456 914 3508 tit
931 3465 1046 3526 recepta.
1119 3449 1121 3456 '

169 3655 282 3726 agitari.
302 3649 518 3729 vid.ttot.exeg.
532 3651 566 3707 ad
585 3671 612 3714 t,
652 3651 702 3708 dae
719 3651 902 3714 Venerabilis,
921 3647 1003 3707 seculi
1021 3647 1129 3723 septimi

128 3742 164 3804 8.
182 3747 220 3808 14
236 3739 388 3790 niemortm·
402 3740 497 3810 agitet.
651 3737 802 3810 scriptoris,
816 3735 912 3814 libelii.
957 3737 1025 3790 Eam
1042 3749 1129 3786 artem

170 3821 320 3894 digitorum
341 3849 383 3864 ····
401 3839 418 3872 a
435 3823 611 3892 cornpumrio·
651 3819 878 3898 interagendum
897 3841 910 3873 a
929 3817 1131 3894 patroniecau·

129 3923 170 3956 ne.
212 3905 361 3960 Nimirum
385 3893 546 3980 δαητυλιιιδι
565 3904 610 3956 lta·
651 3903 740 3959 satum
762 3903 841 3957 fnisse
861 3903 1030 3964 adhibitam,
1051 3919 1131 3976 appe·

128 3983 229 4040 hebent
260 4001 368 4042 veteres
393 3989 506 4063 μίιριι,
533 3987 610 4062 qnod
650 4003 694 4042 ret
723 3987 793 4041 locis
828 3987 994 4059 quibusdam
1027 3984 1132 4044 nostri,

129 4075 264 4124 nurnero's
275 4071 519 4150 certisdigitornnt
534 4071 613 4150 gessi-
652 4071 734 4126 velnt
752 4091 798 4130 ιι,
817 4083 856 4136 5,
873 4081 912 4143 94
929 4085 957 4124 et
977 4081 1042 4134 ¹¹7·
1065 4069 1133 4122 item

128 4151 182 4208 bns
199 4155 358 4228 exprimere
372 4155 491 4218 doceret,
507 4155 540 4209 de
556 4175 612 4228 qno
654 4155 789 4230 Appulcj‘t
805 4153 838 4208 de
855 4155 952 4234 Magia
965 4151 1093 4209 oratione
1106 4171 1136 4230 p.

130 4237 192 4294 sunt
212 4237 327 4296 attentat
347 4239 492 4314 Smyrnaei
516 4255 543 4294 et
564 4245 615 4295 Be·
656 4243 719 4317 Bip.
736 4255 786 4316 92.
804 4251 858 4314 95.
