2798 4790
360 367 486 440 INST:
511 368 718 438 ORATOR,
745 373 835 476 mn.
859 373 912 458 11,
941 383 998 459 14·
1088 385 1174 474 ,341

156 569 211 630 et
227 547 405 660 musteus,
427 569 468 628 et
477 573 697 658 geometras
711 557 857 648 dicam,
888 585 961 634 nec
979 562 1061 635 vim
1082 558 1190 651 alle,

167 695 254 746 rom
273 669 335 743 his
358 669 589 745 nominibus
610 671 799 748 indecora
820 675 864 750 in
887 677 1073 775 Latinum
1096 676 1174 752 ser-

166 810 332 860 monem
348 786 586 874 mutotione3
614 787 808 888 denique,
829 816 921 866 curn
936 795 993 866 M.
1012 791 1173 882 Tullius

167 901 287 974 etiam
310 897 401 1000 ipsis
423 899 637 992 librorum,
660 930 761 1002 quos
776 905 850 978 hnc
869 905 919 978 de
937 931 979 979 re
994 911 1172 1006 primum

165 1010 386 1114 scripserat,
403 1017 541 1104 titulis,
557 1019 704 1094 Graeco
718 1021 883 1096 nomine
898 1035 1054 1110 utatur:
1078 1041 1173 1122 pro·

167 1129 274 1206 fecto
291 1127 443 1206 nonest
460 1131 702 1222 verendum,
731 1149 946 1208 netemere
961 1137 1171 1214 videamur

166 1247 318 1322 oratori
343 1247 516 1320 maximo
539 1246 588 1322 cle
615 1251 780 1322 nornine
807 1253 897 1324 artis
924 1245 1013 1326 suae
1044 1252 1170 1326 credi·

164 1358 271 1434 dille.
311 1363 458 1462 »igitur
476 1359 684 1436 Rhetorice
706 1367 806 1457 (juin
829 1365 938 1440 enim
958 1362 1037 1455 fine
1054 1380 1194 1441 metus

163 1477 426 1552 cavillationis
447 1492 609 1550 utemur
625 1477 697 1552 hac
713 1479 1000 1578 appellatione)
1023 1477 1091 1570 fic,
1121 1497 1169 1556 ut

160 1592 328 1692 opinor,
357 1593 507 1691 optime
526 1589 751 1682 dividetur,
784 1609 829 1694 ut
847 1593 896 1670 de
911 1610 1014 1682 arte,
1035 1595 1085 1670 de
1101 1621 1167 1670 ur·

91 1705 281 1814 artifice,
300 1705 349 1780 de
364 1732 480 1806 opere
498 1705 683 1784 dicamus.
716 1702 910 1802 Arserit,
936 1735 1036 1808 quae
1052 1710 1167 1784 disci-

159 1824 275 1922 plina
293 1823 445 1922 percipi
466 1821 602 1906 debet:
633 1847 677 1910 eo
698 1821 752 1898 est
769 1821 861 1898 bene
878 1819 1164 1933 clicemliscien·
1261 1857 1270 1878 ‘

158 1942 227 2011 tia.
281 1933 454 2044 Artifex
468 1935 540 2026 est,
571 1941 642 2036 qui
660 1943 836 2040 percepit
852 1939 954 2014 hanc
969 1956 1104 2030 artem,
1117 1940 1164 2020 id

160 2049 227 2140 est,
243 2068 386 2140 orator,
406 2059 520 2146 cujus
533 2052 587 2128 est
600 2051 752 2130 summu
766 2049 859 2128 bene
872 2033 1006 2130 diceie.
1042 2055 1162 2152 Opus,

158 2166 273 2285 quod
294 2165 461 2244 efficitur
481 2167 529 2242 ab
552 2165 716 2257 artifice,
745 2167 880 2257 idest,
907 2165 1007 2246 bona
1023 2173 1159 2244 oratio.

155 2416 289 2478 Ceterum
300 2413 612 2472 ebilinuieGesnetiann
625 2414 780 2470 motatione
788 2413 830 2492 fic
845 2433 897 2488 pro
905 2411 943 2492 fi,
957 2417 1004 2470 etfi
1018 2411 1074 2466 leni
1090 2415 1158 2469 lene.
1274 2445 1281 2468 ι

47 2551 51 2562 ,
153 2503 256 2574 Neque
270 2501 343 2554 enim
359 2501 474 2578 videtur
487 2499 640 2560 neceffuria,
653 2500 738 2552 modo
754 2517 861 2552 meeum
877 2499 990 2552 dirimas
1006 2499 1159 2560 sententias,

154 2603 212 2638 non
227 2599 318 2638 eutem
332 2585 513 2662 interpungere
528 2584 586 2656 post
600 2586 755 2638 mutatione.
797 2583 842 2636 De
858 2585 883 2638 le
897 2583 955 2656 ipio
970 2581 1115 2656 rtltupevit
1122 2579 1159 2658 fi,

152 2669 188 2724 de
204 2671 339 2726 Cicerone
354 2674 367 2736 (
375 2685 408 2724 ut
422 2668 452 2724 iu
467 2687 497 2722 re
513 2668 591 2728 fecte,
613 2683 641 2721 et
656 2669 766 2741 prorsus
783 2671 877 2742 certe)
893 2689 966 2728 cum.
987 2663 1086 2721 eodem
1101 2667 1159 2722 fere
1179 2665 1185 2679 “

152 2769 308 2826 utrumque
330 2753 414 2808 lenire.
456 2753 502 2806 Sic
524 2767 551 2804 et
574 2749 690 2806 mollior
712 2752 862 2812 structura,
882 2771 965 2826 qnam
988 2751 1019 2805 in
1045 2750 1158 2806 Gesneri

150 2839 263 2904 ratione
271 2875 278 2897 ,
298 2855 368 2910 qnae
392 2835 475 2910 prelo
496 2835 612 2892 videtur
635 2835 800 2900 lulehrofior.
844 2839 878 2892 Et
901 2853 990 2893 autern
1014 2849 1076 2889 ante
1098 2835 1155 2909 pt..
1193 2891 1197 2898 ,

149 2921 230 2996 quod
246 2921 302 2975 mei
316 2921 453 2976 omittunt
470 2919 574 2980 codd,
595 2919 643 2974 elii
657 2923 794 2984 retinent,
816 2921 904 2978 molui
918 2937 1092 2996 expungere,
1110 2939 1156 2972 ne·

148 3026 205 3080 que
216 3005 411 3084 uenenarium,
432 3023 522 3088 nequp
537 3021 647 3083 gratnm
662 3003 691 3058 h.
708 3005 728 3060 l.
842 3008 980 3078 ‚percepln
1003 3007 1044 3055 lto
1060 3001 1154 3058 Guelf.

147 3107 176 3146 et
199 3093 282 3146 Bern.
306 3087 408 3162 quibus
424 3089 535 3144 duobue
550 3089 638 3145 codd.
654 3088 742 3143 malni
758 3089 964 3164 obtemperare,
979 3100 1068 3160 uuum
1085 3102 1155 3140 cote-

147 3191 195 3232 tot
219 3173 295 3248 sequi
314 3171 418 3234 libros,
440 3191 562 3248 quorum
578 3174 680 3248 optimi
695 3173 761 3228 dent
778 3179 908 3250 percipit,-
930 3191 992 3226 nem
1010 3174 1153 3243 praecipit,

146 3259 226 3334 qnod
251 3253 288 3312 e‘tt
309 3259 339 3312 in
362 3257 469 3330 aliquot
491 3275 588 3312 eornm
609 3257 624 3328 (
633 3261 698 3311 fierit
722 3273 750 3311 et
771 3258 878 3314 Tervil.
899 3273 957 3310 non
982 3269 1090 3313 eutem.
1118 3267 1152 3308 ut

147 3341 314 3410 deforet,
342 3341 605 3416 JensQmanitettus
621 3359 708 3404 error.
757 3339 1001 3417 Artifexestille,
1023 3339 1073 3414 qui
1094 3339 1151 3410 jem
1220 3359 1224 3370 ·

145 3429 284 3504 percepit,
305 3425 452 3501 discipulus
466 3428 517 3500 qui
538 3427 725 3482 cummaxime
737 3429 860 3502 percipit.

188 3629 271 3680 etiem
285 3619 350 3700 ipfis
370 3655 414 3670 -·
435 3625 529 3680 ritulis.
573 3627 631 3700 Qui
672 3624 756 3682 [olere
770 3622 934 3678 intercidere
947 3617 1044 3676 multis
1059 3639 1151 3676 exem·

147 3707 234 3764 hodio
244 3711 276 3761 «le
287 3707 630 3784 luventiomappellantnr,
670 3709 724 3784 plis
740 3707 856 3762 ostendit
873 3705 1013 3760 Drakenb.
1031 3703 1065 3756 ed
1081 3705 1148 3762 Liv.

147 3795 289 3852 Μυονία·
315 3793 439 3868 inscripti
463 3795 576 3848 luerunt
596 3793 630 3850 ab
673 3813 724 3852 to,
745 3803 796 3858 13.
815 3805 842 3856 3.
860 3790 894 3844 de
911 3793 920 3844 i
937 3791 1065 3861 sequente
1081 3787 1149 3843 vide

147 3879 208 3952 ipio
228 3879 370 3932 (lice-rone.
417 3883 500 3932 Recte
514 3877 641 3930 videtur
671 3875 754 3932 eund.
770 3875 803 3927 ud
817 3873 965 3948 Epitomeri
981 3871 1029 3927 lib.
1044 3881 1094 3944 85.

144 3961 387 4034 Capperonnerius
411 3961 536 4034 suspicari
558 3961 628 4014 obli·
711 3961 743 4014 de
758 3975 816 4013 arte
836 3987 877 4000 --
900 3977 989 4030 opere.
1032 3957 1074 4011 De
1087 3971 1147 4012 orte

145 4060 261 4100 teretem
298 4043 371 4097 inter
398 4049 479 4098 etiam
509 4061 535 4098 et
564 4045 628 4122 ipsit
668 4043 734 4098 hine
750 4042 882 4114 usquead
899 4041 916 4094 l.
934 4042 980 4094 r).
1005 4039 1148 4118 Deertifi·

145 4127 377 4206 praepositionem
401 4133 441 4190 in,
462 4148 545 4201 qnam
569 4129 629 4202 poll
669 4151 698 4182 ce
712 4147 726 4180 a
740 4126 759 4180 l.
781 4143 986 4194 1,2.c.e-1o.
1008 4125 1050 4180 De
1068 4144 1148 4200 opere

145 4231 172 4266 m
188 4211 257 4284 (hic
271 4213 429 4294 praesertim
452 4215 578 4286 sequente
599 4217 628 4280 ι’)
668 4209 687 4266 1.
711 4227 756 4266 ιιι.
773 4231 795 4264 c.
815 4231 850 4264 ro
868 4225 895 4264 et
915 4231 959 4263 ιι.
