2840 4778
298 409 313 418 ,
454 315 785 398 nnrrrr‘rm.
1065 349 1117 396 „v

125 537 237 592 omne
278 507 495 590 merendae
525 509 647 614 ipsius
682 509 924 590 ‹lesrderium
956 515 1112 590 exemit
1224 593 1231 619 k

124 655 226 755 Quae
250 647 435 748 deinceps
457 649 584 748 prime
610 637 763 749 prodiit
780 647 980 750 scriptoris
1000 674 1113 753 repe·

126 785 237 876 titios
256 782 430 860 Veneriis
448 809 519 884 per
541 786 598 860 Μ.
626 783 842 866 Nicolaum
868 783 1110 876 lensoninm‚

129 943 171 994 ee
199 921 368 1019 primum
405 945 427 992 a
466 917 638 998 Gesnero
672 942 765 998 curn
798 922 959 1022 vulgato
996 937 1109 998 textu

133 1069 344 1153 comparare,
367 1055 472 1132 mihi
494 1077 658 1156 quoque
680 1054 906 1156 usurpanda
928 1055 984 1132 est
1012 1081 1108 1136 con-

140 1183 232 1260 cella
253 1188 294 1262 ab
315 1191 498 1270 Heoricio
526 1195 570 1268 V.
594 1194 642 1270 Cr
681 1193 752 1288 qui
774 1189 923 1290 praeest
950 1189 1106 1274 scholae

144 1323 367 1422 Pruppinensi.
456 1327 562 1403 Cum
598 1328 708 1404 enim
742 1323 931 1400 undecim
964 1325 1107 1424 abhinc
1167 1362 1172 1374 ·

147 1457 234 1532 aunis
248 1460 377 1538 civitas
396 1459 467 1536 isla
492 1459 729 1538 acerbillimo
755 1457 944 1538 incendio
963 1455 1109 1559 afflige-

141 1603 245 1682 retur,
276 1597 392 1672 eliem
416 1593 550 1706 schola
573 1601 736 1696 ejusque
757 1597 909 1670 literata
930 1590 1108 1695 supellex

135 1721 222 1815 ulit,
263 1733 469 1833 coepitque
495 1757 608 1833 aegre
637 1733 822 1832 deinceps
848 1731 1107 1832 popularium

133 1873 164 1931 el
175 1875 387 1942 exterorum
402 1893 566 1967 quoque
578 1865 779 1944 beneficiis
794 1863 957 1942 restitui.
989 1869 1106 1940 Tunc

130 1993 234 2092 igilur
255 2023 323 2100 per
345 2003 555 2078 tribunum
580 2003 779 2102 quendam
803 2004 1013 2102 legionum
1030 2003 1105 2076 Bo·

130 2127 329 2210 rariorum
351 2137 454 2216 liber
473 2133 628 2214 scholae
649 2135 897 2236 Ruppinensr
927 2133 1009 2210 fuit
1030 2137 1106 2208 im-
1270 2140 1272 2149 ’

132 2280 287 2362 mun,
315 2271 628 2373 pretioliffirnum
652 2297 800 2350 munus
822 2268 1014 2348 Monachi
1034 2267 1107 2344 do·

133 2401 176 2476 cti
203 2407 242 2480 in
272 2411 500 2486 Franconia.
583 2406 847 2519 ‚Splendidam
879 2403 982 2478 hano
1020 2401 1104 2478 edi·

136 2535 268 2634 lienem,
294 2541 400 2618 sede
417 2541 590 2622 Gesnero
613 2545 781 2641 aliisque
800 2539 887 2614 satis
905 2533 1105 2638 superque

142 2663 344 2776 delcnpnnn
372 2705 497 2778 aeque
520 2706 563 2756 eo
583 2675 775 2758 Codicem
798 2675 1027 2752 Gothnnum
1048 2671 1104 2746 ite

138 2791 306 2904 ursoni,
348 2829 399 2890 ut
434 2841 535 2916 quae
572 2812 790 2895 Gesnerum
819 2812 886 2888 vel
916 2801 1103 2908 sugillent

135 2939 183 3013 vel
199 2940 415 3024 fefellissent
435 2947 647 3050 diligenter
665 2963 855 3026 notarem.
912 2943 1103 3042 Reliqua-

131 3095 211 3168 111111,
242 3085 391 3186 quibus
415 3081 504 3160 sum
526 3081 643 3172 usus,
675 3081 901 3158 indiculum
917 3069 999 3194 ‘liic'
1012 3073 1104 3152 sub·

130 3207 252 3308 licium,
266 3203 428 3320 pauca,
461 3218 534 3295 ubi
555 3213 689 3292 visum
706 3215 839 3296 luerit
860 3213 911 3292 de
935 3209 1104 3312 fingula·

126 3367 200 3424 rum
221 3353 452 3432 conditione
476 3377 687 3454 exponens.

44 3689 46 3720 .
128 3617 271 3700 Tmisri
291 3613 629 3726 per'nionyfium
650 3614 944 3702 Bononiensem
966 3639 1010 3688 ac
1035 3615 1106 3688 Pe·
1181 3615 1184 3626 “

44 3731 48 3870 l
168 3761 369 3858 ngrioum
386 3765 472 3854 ejus
487 3756 649 3837 socium.
697 3761 817 3834 Anno
832 3757 882 3830 D.
892 3753 950 3830 M
959 3749 1104 3830 CCCC.

44 3899 47 3974 l
170 3893 349 3972 LXXXII.
390 3895 471 3968 Die
503 3899 612 3972 XXJI
642 3887 785 3971 mensis
823 3887 1014 3981 Octobris.
1066 3886 1107 3958 F.

169 4025 279 4106 Liber
302 4053 419 4130 meus
442 4025 506 4106 est.
