2794 4794
86 275 92 284 ’
182 311 228 408 aa
416 294 940 386 M.FAB.QUINT1L1aNt

182 483 279 558 alios
292 478 550 576 barbarismos
557 472 763 590 scribendo
780 478 884 566 lieri,
913 479 1010 556 alios
1029 477 1190 578 loquea—
1241 514 1247 525 ·

183 598 260 673 do?
288 595 428 696 (quia,
456 597 568 695 quod
592 597 693 670 mate
713 593 916 682 scribitur,
945 593 1189 670 melectiam

184 711 265 786 dici
288 707 435 786 necelle
458 709 531 801 est3
568 713 641 809 qui
662 709 802 796 vitiose
817 709 980 797 dixerit,
1008 735 1091 786 non
1107 711 1192 784 uti·

103 907 105 916 ,
185 851 265 926 que
290 841 328 900 et
348 824 492 926 scripto
513 824 674 926 peccat)
705 824 810 900 illud
832 827 891 924 pri
899 851 942 900 us
965 825 1192 922 aen'ectione,

147 935 150 942 ’
184 943 429 1030 detractione,
449 947 721 1030 immutatione,
742 935 1081 1051 transmutatione}
1109 940 1192 1016 hoc

183 1053 422 1144 secuudum,
444 1051 648 1164 clavaiſsone,
676 1055 951 1154 complexione,
979 1049 1194 1162 aspiratio-

125 1203 132 1244 ι
162 1193 253 1258 me,
266 1165 368 1280 sono
386 1173 608 1248 contineri?
658 1171 762 1258 ised,
786 1187 831 1247 ut
844 1197 964 1270 parva
982 1168 1056 1244 sint
1070 1163 1194 1270 haec,¹

101 1350 103 1356 .
184 1291 301 1388 pueri
315 1285 509 1363 docentur
531 1286 681 1375 adhuc,
713 1301 751 1360 et
773 1287 1044 1386 grammaticos
1067 1281 1194 1362 officii

95 1445 98 1452 ·
183 1397 246 1478 lui
282 1428 595 1479 commonemus.
658 1407 714 1476 Ex
749 1403 895 1500 quibus
933 1400 1081 1498 siquis
1111 1401 1192 1474 erit

184 1517 300 1616 plane
334 1519 560 1616 impolitae,
599 1533 637 1591 et
665 1513 910 1592 vestibulum
940 1515 1063 1592 modo
1094 1517 1193 1589 artis

67 1669 70 1678 ·
184 1630 305 1724 huius
341 1629 553 1732 ingrellus,
590 1633 836 1720 intrabam,
869 1647 972 1731 quae
997 1625 1193 1731 profiten-

185 1747 287 1820 tium
311 1748 646 1822 commentariolis
669 1749 826 1848 vulgata
847 1744 955 1834 suut,
986 1743 1190 1822 consistet:

186 1857 383 1936 doctiores
413 1863 539 1936 multa
560 1861 763 1954 adjicient:
780 1863 868 1962 'vel
889 1863 966 1937 hoc
989 1863 1195 1963 primum,

132 1973 134 1978 ’
186 1973 298 2073 quod
319 1971 598 2086 barbarismum
614 1977 796 2077 pluribus
813 1977 944 2054 modis
962 1977 1190 2075 accipimus.

161 2091 345 2178 ttUnum,
377 2092 422 2164 in
449 2109 586 2197 gente,
624 2094 740 2192 quale
761 2093 824 2180 fit,
864 2092 1003 2190 siquis
1030 2085 1195 2195 Afrum

186 2205 251 2280 vel
268 2198 489 2314 Hispanum
498 2210 659 2283 Latinae
675 2209 848 2285 orationi
863 2203 1194 2314 nomeninlerat:

187 2335 232 2396 ut
251 2317 423 2410 serrum,
459 2341 541 2422 quo
568 2339 674 2400 rotae
696 2325 952 2410 vinciuntur,
984 2321 1066 2395 dici
1091 2317 1198 2394 solet

186 2433 366 2529 conclaui-3
415 2462 642 2538 quanquam
679 2464 748 2526 e0‚
791 2453 977 2537 tauquam
1016 2449 1193 2534 recepto,
1204 2463 1255 2523 53

96 2647 100 2674 Ι
186 2553 316 2632 utitur
338 2550 498 2630 Persius.
538 2553 635 2630 ficut
655 2555 836 2630 Catullus
859 2553 1069 2650 ploxenum
1090 2553 1198 2624 circa

187 2777 315 2838 suillam,
336 2781 386 2834 ulfi
406 2779 563 2851 antiquitus
584 2779 675 2834 saltem
697 2780 815 2836 licuillet
838 2796 864 2834 et
885 2781 1012 2858 genitivu
1028 2795 1054 2834 et
1069 2778 1197 2837 ablativo

77 2863 79 2868 ’
187 2863 302 2938 jungere
326 2858 359 2916 ai
382 2865 488 2935 dignas.
531 2863 1043 2926 foi-uttemerriviucntisaebemus.
1065 2865 1200 2937 quadiu

192 2945 283 3020 poetis
305 2947 395 3000 rarius
418 2944 563 3000 obliterata
584 2949 620 3002 ett
632 2947 678 3002 illa
694 2951 827 3004 structura
843 2949 972 3026 gentitivi.
1014 2949 1085 3003 Boni
1102 2964 1200 3002 tamen

191 3027 281 3086 codd.
298 3030 380 3084 etiam
394 3031 424 3084 in
441 3031 634 3108 scriptoribus.
656 3035 734 3108 prola
751 3034 910 3094 iiteiuibus,
933 3031 1092 3093 vindicant,
1114 3047 1147 3093 ut
1164 3034 1199 3086 in

81 3125 83 3134 ’
191 3113 278 3170 Livio
294 3123 322 3185 4,
340 3127 389 3181 57.
409 3133 432 3167 ι.
451 3119 590 3172 meniorina
605 3117 702 3192 digna.
723 3117 774 3172 ubi
791 3117 856 3172 vide
870 3115 1129 3177 Drakenborchum.
1157 3119 1200 3172 Et

190 3213 226 3252 ne
242 3199 344 3273 npcelle
358 3199 471 3272 quidem
486 3199 522 3253 eli
542 3198 569 3254 li.
585 3197 604 3256 l.
625 3202 784 3280 genitivum
799 3203 901 3258 referre
916 3203 950 3254 ad
965 3204 1083 3276 diguam.
1129 3205 1201 3256 l'en·

190 3283 255 3337 dara
272 3303 335 3336 eum
359 3298 445 3358 puto,
467 3303 530 3338 carin
555 3285 658 3346 Badio,
681 3305 696 3338 a
717 3305 786 3342 voce
809 3287 966 3364 prnmrffor,
987 3295 1022 3339 'ut
1036 3287 1148 3360 AEgunm
1163 3290 1201 3340 lit

90 3363 91 3366 ¹
191 3367 331 3442 separatim
347 3369 477 3442 politum,
492 3384 523 3422 ut
538 3367 617 3422 facila
633 3389 667 3424 ex
681 3369 818 3444 adjunctis
835 3371 1016 3448 intelligatur.
1048 3370 1092 3424 Sic
1105 3371 1201 3424 noller

195 3471 241 3512 u,
258 3465 285 3518 5,
305 3461 362 3524 148
383 3455 502 3513 „Comae
517 3453 647 3527 componi
662 3483 701 3496 -
716 3455 793 3511 sicuti
809 3455 919 3528 (lignum
933 3469 1006 3513 erat,
1023 3455 1203 3532 ,graviter-

191 3537 331 3598 ..vetuit.“
384 3537 476 3592 Etiam
501 3537 528 3590 id
552 3537 738 3614 iu'lciiptura
757 3539 897 3616 praumffor
918 3537 1022 3614 placet,
1051 3537 1127 3609 quod
1155 3539 1204 3596 tite

192 3638 346 3696 pronomen
362 3621 398 3674 est
412 3623 442 3674 iu
457 3641 504 3680 ea,
526 3641 582 3674 uon
596 3621 759 3676 adverbium
775 3621 844 3682 loci,
867 3639 897 3676 ut
913 3625 1073 3696 inaccepta.
1118 3625 1206 3678 Hanc
1304 3672 1313 3682 .

193 3719 284 3758 tamen
293 3741 300 3766 ,
323 3707 472 3764 aGeluero
488 3725 502 3757 e
518 3721 588 3760 vett.
604 3707 665 3760 add.
681 3721 848 3766 revocatam,
870 3708 989 3778 reliqui,
1010 3721 1042 3759 ut
1057 3705 1206 3762 tironibus

192 3787 354 3844 faciliorem.
479 3790 636 3858 adjectione.
667 3781 794 3846 Nou'dat
810 3811 863 3864 pro
880 3791 932 3844 huc
947 3790 1033 3846 Goth.
1048 3789 1205 3854 additione,
1241 3795 1254 3816 ³

193 3886 228 3928 ut
242 3873 327 3928 relect
341 3874 438 3931 Gelu„
459 3891 548 3946 neque
564 3873 637 3928 ullus
652 3875 738 3936 cod..
760 3879 807 3930 etsi
821 3873 957 3950 plurimae
971 3875 1033 3930 edd.

237 4051 349 4129 Perfius.
372 4057 426 4108 sar.
440 4065 468 4121 5.
484 4076 513 4111 v.
526 4071 573 4124 71.
588 4061 676 4120 „Ver-
715 4060 887 4121 „caurhunr.“
922 4059 1023 4116 Altum
1047 4077 1082 4113 au
1103 4055 1212 4133 Hispa·

195 4149 324 4202 „tentem
350 4139 401 4192 sela
421 4137 521 4194 frustra
541 4141 674 4198 laetabere
716 4163 786 4198 num
802 4143 856 4199 hoc
871 4143 1019 4198 crediderit
1030 4141 1208 4199 vocabulum
