2870 4792
253 289 265 298 ·’
281 301 355 380 ¹74
516 244 1044 381 M.rtn.QU1Nr1LiAN1

276 476 418 558 tutam.
473 477 655 552 Multum
680 475 776 551 inde
793 473 1019 576 decoquent
1035 475 1150 563 anni,
1181 475 1289 551 mul·

278 610 369 671 tum
384 591 488 668 ratio
507 591 862 690 limabit‚'aliquid
880 591 993 664 velut
1015 589 1091 666 usu
1114 589 1199 692 ipso
1220 591 1288 666 de·

279 724 450 796 teretur,
483 703 525 780 stt
542 705 664 782 modo
684 707 794 782 unde
813 705 941 795 excidi
961 705 1089 805 poliat,
1121 723 1159 780 et
1176 706 1289 806 quod

280 823 451 922 exculpi.
485 824 560 896 en‘t
584 837 734 910 autem,
766 819 794 896 st
818 849 902 896 non
924 821 999 896 ab
988 821 1107 896 mitio
1124 837 1288 896 tenuem

279 939 457 1014 nimium
478 939 666 1010 laminam
690 936 942 1024 duxerimus,
971 953 1011 1010 et
1028 962 1148 1060 quana
1166 937 1289 1010 caela·

145 1124 150 1133 s
256 1064 373 1128 &tura
393 1055 511 1130 altior
532 1069 700 1184 rumpat.
762 1052 882 1156 Quod
908 1077 972 1126 me
997 1051 1046 1124 de
1069 1031 1132 1126 his
1155 1053 1291 1124 aetati-

181 1201 186 1212 *
281 1169 357 1245 bus
379 1165 520 1242 sentire
546 1171 680 1243 minus
704 1167 931 1256 mirabitur,
960 1193 1031 1266 qur
1019 1165 1158 1266 apud
1174 1168 1289 1242 Cice-

281 1309 423 1359 ronem
439 1285 599 1383 legerit,
634 1283 713 1358 Vol
713 1311 735 1358 o
751 1288 848 1356 enim
861 1277 913 1392 se
935 1276 1116 1393 efferat'
1101 1309 1139 1355 m
1155 1281 1288 1357 adole-

225 1393 408 1508 scente
421 1393 660 1504 fecunditas.
719 1385 995 1502 Quapropter
985 1424 1030 1472 111
1043 1399 1183 1496 primis
1201 1399 1287 1471 evi-

282 1513 443 1601 tandus,
473 1527 511 1587 et
533 1513 576 1586 iu
596 1515 731 1611 pueris
752 1515 981 1613 praecipue,
1011 1510 1192 1612 magister
1210 1513 1288 1586 ari-

284 1627 378 1717 dus;
408 1653 492 1702 non
509 1629 664 1715 minus,
692 1653 813 1726 quam
828 1629 972 1703 teneris
991 1625 1120 1701 adhuc
1140 1629 1286 1727 plantis

256 1741 425 1826 sliccum
441 1758 480 1815 et
498 1741 578 1816 fine
595 1742 765 1816 humore
781 1743 866 1817 ullo
880 1741 1021 1816 solum.
1068 1741 1165 1816 Inde
1183 1739 1288 1816 fiunt

277 1857 453 1932 humiles
470 1855 608 1942 statim,
625 1871 663 1928 et
677 1858 789 1932 velut
808 1873 951 1932 terram
967 1853 1193 1957 spectantes,
1214 1857 1287 1956 qui

278 1971 384 2046 nihil
408 1969 526 2071 supra
549 1970 831 2069 quotidianum
854 1969 1076 2048 sermonem
1105 1975 1286 2049 attollere

280 2085 458 2160 audeant.
516 2088 665 2160 Macies
685 2087 765 2162 illis
785 2086 1055 2187 profanitate,
1081 2103 1120 2160 et
1140 2088 1351 2178 iudicii¹59

280 2203 371 2276 loco
393 2198 601 2276 infirmitas
623 2199 697 2276 est:
728 2218 766 2276 et
786 2203 882 2278 dum
907 2201 995 2278 latis
1019 2219 1162 2302 putant
1182 2206 1283 2279 vitio

280 2341 429 2405 carere,
461 2319 504 2390 in
530 2313 731 2416 id-iplum
760 2319 947 2392 incidunt
977 2320 1142 2406 vitium,
1172 2318 1285 2418 quod

276 2433 499 2507 virtutibus
526 2447 667 2510 carent.
726 2439 856 2538 Quare
881 2433 982 2506 mihi
1008 2459 1059 2506 ue
1081 2436 1283 2510 maturitas

280 2546 446 2644 quidem
472 2544 553 2645 ipsa
579 2543 754 2636 festinet,
788 2575 862 2624 nec
883 2545 1008 2624 musta
1029 2551 1072 2622 in
1097 2551 1185 2624 lacu
1212 2547 1284 2622 lla·

254 2705 259 2718 ·
279 2661 353 2734 tim
375 2659 523 2735 austera
546 2659 720 2738 fintt'fic
740 2679 779 2738 et
799 2689 923 2740 annos
940 2663 1088 2754 ferent,
1116 2681 1155 2739 et
1170 2681 1285 2742 vetu-

340 2921 458 2992 ancalpi.
482 2919 567 2976 Goth.
584 2927 656 2990 (tac.
672 2924 774 2992 Gelo.)
760 2927 855 2992 >curn
872 2925 947 2981 Vols.
964 2939 991 2979 2.
1003 2923 1033 3000 sc
1036 2905 1284 3004 ulpa'quodlouge

277 3005 367 3082 magis
387 3003 490 3078 placet,
513 3007 577 3078 quia
594 3011 626 3060 fic
641 3007 712 3062 abest
728 3009 861 3064 molesta
853 3011 963 3062 iteratio
977 3011 1085 3070 excidi,
1107 3008 1229 3084 exculpi.

317 3089 359 3162 leg
347 3093 422 3145 ecrit
445 3089 530 3146 Goth
547 3085 591 3166 leg
576 3107 619 3146 oet
635 3092 713 3161 (non
730 3093 754 3147 le
741 3097 798 3167 egit
817 3107 848 3146 ut
864 3095 943 3150 Geta.
958 3093 1024 3162 rei)
1042 3113 1106 3148 cum
1119 3095 1241 3154 Valla

278 3287 346 3342 (lum
376 3288 490 3367 singulis
519 3289 561 3344 rei
589 3306 760 3366 comparatae
802 3309 868 3365 pere
888 3290 1035 3365 jubemur,
1056 3311 1215 3366 quanquam
1236 3289 1284 3346 vel

181 3367 191 3452 ζ
276 3371 402 3448 partibus
421 3377 477 3427 luae
493 3373 627 3452 imagines
646 3376 761 3430 reddere
802 3376 837 3430 de
856 3375 968 3432 metallo
984 3377 1147 3450 decoquendi
1162 3374 1285 3430 vocabu·

277 3471 409 3518 conatur.
437 3458 466 3510 in
495 3457 616 3537 argutia
644 3459 759 3514 videtur
802 3458 861 3514 lum
880 3461 1035 3536 arsiatpatnr.
1079 3463 1139 3534 lpse
1154 3459 1200 3514 laic
1215 3475 1284 3538 ergo

276 3539 361 3598 abire.
390 3539 566 3598 Obscuritate
581 3543 674 3630 etiam,
688 3563 759 3616 quae
800 3545 887 3598 nollri
904 3545 981 3600 locus
996 3545 1143 3600 cacozeliae
1165 3545 1284 3598 crimine

275 3625 367 3700 prima
388 3621 515 3680 omnium
540 3625 626 3680 abess'e
643 3627 757 3683 debera
800 3632 913 3704 prorlm
934 3649 1024 3684 carere
1046 3629 1118 3684 milti
1130 3645 1189 3682 uon
1204 3627 1282 3684 vida·
1336 3655 1340 3662 ·

276 3711 497 3782 comparatione.
528 3709 634 3766 laborat
657 3712 757 3786 aliqua,
801 3727 857 3768 tur.

275 3791 361 3852 dum.
396 3793 569 3870 decoquentes
604 3796 708 3871 aliquid
742 3817 758 3851 e
840 3797 959 3870 exculpi.
980 3795 1040 3852 viel.
1055 3811 1115 3852 not.
1131 3795 1202 3854 Crit.

276 3893 346 3931 reate
347 3881 432 3930 νίαι
404 3899 438 3930 an
431 3877 575 3932 mioleria
597 3895 692 3953 ponus
709 3879 758 3936 vel
837 3903 894 3956 apa
879 3883 915 3934 ad
932 3885 985 3936 Cic.
1028 3882 1073 3935 De
1088 3883 1167 3938 Orat
1186 3893 1221 3940 α’,
1237 3895 1276 3934 aa
1319 3903 1322 3913 ·

274 3961 412 4038 unguenti
447 3960 565 4034 alicujus
602 3965 756 4038 coquenda
797 3985 881 4039 quem
897 3963 989 4018 locoru
1006 3984 1068 4019 curn
1087 3963 1278 4040 Quintilianeo

273 4044 389 4118 speciem
406 4045 537 4119 praebent
551 4065 634 4120 quam
650 4047 757 4104 metalli
796 4051 922 4104 oonl'etre
956 4063 1030 4104 tecte
1057 4049 1151 4106 suadet
1179 4049 1278 4106 Gente-

271 4127 339 4190 fusr.
363 4127 441 4205 quod
460 4147 530 4186 mox
552 4131 648 4188 auimo
665 4133 756 4190 conei-
795 4151 853 4189 rua.
