2794 4794
268 337 344 470 ,et
536 363 592 434 ru.
617 365 719 436 rur.
747 357 1056 458 Qumruuut

252 557 254 564 ’
297 552 385 630 fieri
398 580 470 654 per
487 575 696 642 numeros,
726 567 792 628 aut
809 575 969 652 genera,
999 546 1097 624 ficut
1116 545 1295 624 soloecis·
1334 593 1342 604 ·

297 695 429 748 mum:
448 663 565 779 scole
581 685 711 746 tamen
726 661 908 778 ascopa,
923 681 1138 764 contraque
1149 661 1296 741 stordea

298 799 340 858 et
372 779 515 894 nudsa,
556 786 649 858 licet
678 785 883 857 literarum
908 782 1192 884 mutationem,
1227 777 1338 856 de·⁵⁶

299 902 549 988 tractionem,
585 898 847 992 adjectionem
874 923 959 972 non
989 895 1178 982 habeant,
1212 919 1298 969 non

301 1015 379 1088 alio
401 1011 669 1102 vitiosarum,
700 1037 821 1112 quam
842 1011 954 1112 quod
974 1011 1143 1111 pluralia
1165 1007 1298 1108 fingu-

301 1130 452 1218 lariter,
483 1143 521 1204 et
543 1125 751 1230 singularia
769 1129 976 1229 pluraliter
989 1120 1230 1200 efferuntur:
1260 1139 1299 1195 et

256 1243 441 1350 ²tgladt'a
458 1246 531 1344 qui
550 1243 756 1333 dixerunt,
786 1267 929 1344 genere
943 1241 1183 1316 exciderunt.
1221 1237 1299 1314 Sed

244 1537 250 1554 ,
359 1481 460 1558 mussa.
482 1485 525 1537 Ita
539 1482 621 1536 etiam
636 1481 773 1538 Guelfi'et
787 1499 899 1542 omnes,
920 1495 1006 1556 puto,
1029 1477 1135 1539 coda.
1156 1495 1221 1532 eum
1237 1474 1299 1530 edd.

301 1585 359 1626 nou
380 1587 479 1642 paucae
492 1567 559 1620 «lent
579 1565 681 1642 musta,
703 1567 779 1642 quod
791 1565 890 1641 probat
904 1569 1000 1620 Burm.
1015 1579 1043 1618 et
1055 1565 1226 1624 invexerunt
1241 1561 1300 1616 saue

301 1653 365 1710 VV.
380 1653 447 1706 DD.
462 1650 538 1724 quod
551 1649 629 1705 loeus
644 1649 694 1706 ubi
704 1649 792 1726 aiulfe
805 1665 911 1704 extaret
923 1667 980 1703 non
993 1646 1181 1705 succurrebat,
1202 1659 1300 1700 eontra

301 1737 485 1790 meminerant
499 1751 606 1795 eorum,
620 1753 689 1807 quae
703 1735 737 1789 cle
751 1731 835 1808 musta
849 1733 917 1788 dicit
930 1733 1044 1788 Servius
1059 1731 1093 1785 ael
1108 1732 1210 1807 Georg.
1230 1745 1258 1788 2,
1272 1744 1299 1796 7.

301 1817 356 1874 sed
376 1821 433 1892 jem
447 1819 620 1874 Camerarius
637 1833 710 1872 recte
732 1817 890 1872 observavit
913 1816 1006 1870 locum
1026 1815 1112 1871 nostri
1126 1829 1153 1875 2,
1166 1827 1232 1889 [μς
1253 1812 1302 1868 ubi

301 1899 398 1977 musta.
441 1905 495 1956 Pro
509 1903 609 1956 horrea
623 1900 717 1956 Guels.
732 1917 760 1957 et
777 1903 863 1958 Goth.
879 1901 945 1956 dant
959 1902 1050 1958 ordea.

338 2099 425 2177 scala.
453 2101 573 2180 Legitur
584 2115 677 2155 tamen
690 2105 782 2182 lingu-
822 2081 987 2164 slrisuotam
1002 2099 1035 2153 ad
1049 2099 1203 2154 versionem
1218 2099 1303 2154 suant.

288 2183 376 2247 laris,
400 2199 432 2240 ut
447 2185 519 2260 apud
537 2185 666 2256 Aquilam
680 2191 778 2244 Roma·
822 2187 867 2242 De
881 2183 966 2260 mulsa
980 2183 1057 2240 locus
1065 2199 1193 2240 veterum
1208 2181 1305 2238 nullus

301 2289 371 2324 num
387 2289 414 2344 Ρ.
431 2267 591 2326 Rulntltenii
606 2269 635 2322 in
652 2269 694 2325 erl.
704 2271 781 2346 Lupi
822 2271 853 2325 in
875 2285 989 2344 promtu
1005 2269 1056 2329 est,
1078 2269 1127 2322 nili
1141 2267 1238 2340 quod,
1258 2271 1305 2320 sur-

304 2363 373 2424 ³8¹·
391 2355 475 2408 Malo
488 2383 528 2418 -ς
543 2353 686 2429 ascensum,
702 2377 781 2430 quam
822 2353 947 2434 gularem
968 2351 1056 2410 solnm
1079 2367 1152 2406 recte
1164 2350 1240 2412 dici,
1261 2351 1305 2404 de-

297 2437 410 2516 scalam.
460 2441 637 2514 Praeceptum
667 2440 721 2495 bne
747 2440 781 2496 de
823 2439 911 2494 cernit
925 2438 1062 2494 Charisius
1083 2457 1111 2512 Ρ.
1127 2435 1239 2490 Purseh.
1257 2450 1304 2489 22.

302 2537 424 2595 utroque
449 2521 552 2577 horum
579 2523 781 2579 vocabulorum
823 2523 970 2578 modestius
1004 2521 1116 2596 quidem
1147 2521 1303 2574 Priscianus

246 2637 257 2672 0
298 2604 407 2682 [cetae.
439 2606 553 2681 scopae.
589 2607 719 2680 frequen‘s
746 2607 782 2662 est
823 2627 851 2682 p.
867 2607 937 2674 663.
959 2606 1018 2662 vid.
1033 2621 1091 2662 not.
1105 2605 1177 2660 Crit.
1213 2607 1305 2660 llexr-

301 2689 374 2763 apud
386 2691 781 2753 Grammaticosl'utsehianoe,
823 2707 945 2746 metrum
965 2691 1046 2746 illum
1066 2691 1096 2748 in
1110 2687 1231 2766 Virgilii
1246 2689 1304 2743 hor·

300 2773 368 2826 item
390 2775 479 2828 Varro
505 2773 551 2828 dat
576 2773 609 2828 de
632 2777 666 2829 L.
687 2779 722 2831 L.
752 2795 780 2850 p.
823 2777 873 2831 dee
889 2775 1039 2832 Cledoniue
1062 2773 1163 2833 tribuit
1182 2773 1303 2829 Cornib-

300 2856 451 2930 Rip-165.
482 2857 514 2910 it.
535 2871 601 2932 179.
641 2859 781 2915 Charisius
823 2859 866 2912 cio
889 2865 936 2926 (an
959 2860 1105 2916 Cornelio?
1139 2856 1181 2912 sed
1206 2867 1305 2932 poetae

301 2953 430 3014 tamenp.
440 2941 546 2998 Putsch.
557 2956 604 2996 20.
615 2943 781 3005 ,.dieimue,“
818 2959 849 2997 et
863 2943 945 2998 amiei
959 2945 1011 2997 vix
1024 2943 1109 2997 suerit
1123 2939 1183 2996 talia
1197 2942 1305 3015 irrisio)

300 3023 411 3096 inquit.
431 3039 542 3084 „tamen
557 3041 585 3079 et
594 3024 708 3100 scopa.“
743 3029 778 3082 cs.
822 3028 902 3083 Gallo
921 3047 948 3102 Ρ.
966 3027 1072 3082 Putsclr.
1097 3036 1184 3098 1898.

300 3107 411 3166 Volliut
433 3108 467 3164 de
486 3108 564 3163 Anal.
581 3109 600 3163 l.
621 3130 645 3164 r.
662 3131 689 3186 Ρ.
706 3112 777 3181 625.
863 3115 967 3186 gladia.
989 3115 1079 3169 Varro
1093 3111 1127 3164 de
1141 3113 1175 3164 L.
1191 3111 1230 3166 L.
1246 3107 1264 3164 l.
1275 3117 1303 3178 8.

299 3195 391 3266 Quare
407 3191 499 3267 scalae
523 3196 574 3248 ssnt
600 3194 704 3268 plurali
730 3217 781 3250 nu·
820 3217 848 3271 p.
869 3208 925 3267 148
948 3195 1069 3256 „dicitur
1090 3215 1105 3248 a
1124 3193 1242 3250 multeie
1264 3223 1305 3237 -·

300 3295 395 3337 mero,
427 3279 531 3332 oausam
554 3281 670 3354 exponit
689 3282 780 3337 Varro
822 3283 889 3344 „loc
908 3281 1043 3354 gladium,
1066 3293 1093 3334 et
1107 3280 1148 3334 ln'e
1163 3279 1304 3351 gladius.“

299 3370 414 3435 p-144·
725 3355 734 3372 '
822 3367 921 3438 Neque
945 3380 1035 3418 tomen
1057 3363 1154 3418 diserte
1170 3363 1227 3416 lroc
1242 3381 1305 3436 pro·

288 3495 298 3524 .-
343 3445 599 3521 srordaeet'mulsat
641 3447 722 3501 Prius
743 3462 781 3502 te·
822 3448 868 3504 bat
891 3448 991 3506 Varro.
1034 3447 1139 3503 Lucilii
1161 3461 1258 3500 autent
1280 3461 1305 3500 et

298 3547 364 3584 meu
385 3547 443 3584 non
457 3547 523 3588 nuo
545 3529 608 3585 loco
635 3533 780 3606 trsurpavit
821 3531 913 3587 Plauti
959 3522 1093 3607 exemplis
1136 3531 1305 3608 impugnare

288 3609 453 3692 Virgilius,
475 3616 504 3668 in
525 3615 605 3688 cujus
624 3615 780 3670 irrisionem
822 3615 1035 3690 Quintilianum,
1051 3613 1126 3690 qnod
1144 3615 1210 3668 sacit
1224 3618 1307 3669 Dou-

298 3695 387 3752 faetus
403 3699 439 3752 est
452 3699 500 3752 hie
513 3701 606 3754 versut
621 3718 636 3751 a
649 3701 739 3754 navio
751 3715 780 3754 et
804 3701 844 3754 ·sa
860 3701 892 3754 a'd
907 3701 998 3756 Lucil.
1015 3721 1042 3774 p.
1062 3713 1134 3768 103,
1158 3717 1217 3752 nou
1241 3699 1306 3752 atti·

268 3797 271 3804 '
298 3779 414 3836 Maeuio
445 3782 504 3850 (An
533 3799 605 3838 nnus
634 3797 690 3838 tam
712 3785 779 3839 scito
818 3801 875 3844 net,
893 3805 956 3838 eum
972 3785 1039 3838 adeo
1052 3783 1173 3839 vetnllot
1188 3783 1306 3857 seripto·

297 3865 413 3920 carmini
426 3866 605 3940 proeodende
627 3885 684 3920 non
707 3867 778 3922 sulli-
817 3885 861 3923 ret
878 3867 981 3922 imitari
996 3873 1028 3926 lit
1042 3867 1232 3940 asseptationis.
1259 3869 1304 3922 Ne

296 3946 427 4017 ciebats)
452 3951 560 4004 Hordea
574 3955 621 4026 qui
633 3953 714 4011 dixit,
730 3950 778 4026 sa-
820 3951 908 4006 nlluru
928 3953 1041 4026 quidem
1063 3952 1109 4005 hic
1137 3949 1304 4009 barbarismi

294 4031 382 4108 petest
396 4047 426 4088 ut
441 4037 528 4088 tritico
543 4035 623 4096 dieat.
640 4036 775 4091 resereute
819 4037 977 4111 exemplum
1001 4037 1114 4090 allatum
1137 4035 1188 4088 esse
1215 4050 1300 4108 puto,

292 4117 392 4170 Servio
405 4115 438 4171 ad
454 4119 556 4194 Georg.
576 4137 601 4179 r,
612 4133 681 4173 210.
702 4121 775 4175 Con·
817 4122 893 4193 quod
908 4141 964 4175 non
980 4121 1111 4176 fueritin
1127 4119 1222 4192 aliquo
1239 4119 1302 4174 scri·

292 4199 334 4252 ser
347 4215 375 4253 et
395 4204 417 4254 I.
434 4203 472 4255 H.
491 4201 593 4263 volni,
613 4213 710 4276 poetae
724 4221 773 4272 no·
814 4219 911 4280 prore,
933 4205 984 4281 qui
999 4206 1077 4262 tacite
1090 4217 1245 4260 notaretur.
