2840 4778
304 417 442 469 cxxxrr
633 387 979 464 PRAEFAT10.‘'

309 588 481 662 orationem
498 582 576 647 Obr.
600 581 687 664 quod
705 577 814 664 etipse
831 577 930 642 iacere
947 577 1114 654 debebam,
1134 578 1225 640 ,nihil
1240 597 1314 640 mo-

309 702 395 751 ratur
408 687 629 749 auctoritatem
643 681 895 766 Guelferbytani,
919 699 1016 764 quem
1029 681 1153 764 appello
1169 679 1208 741 ad
1227 693 1260 759 3,
1278 689 1315 757 5,
1398 761 1399 766 ἵ

88 823 91 832 ,
180 765 222 883 '⁸
317 787 604 854 winnoccnt.

391 956 424 1010 Ω,
451 953 483 1020 5,
506 949 541 1022 lp.
569 938 653 1009 aiter,
666 937 716 998 illc
732 937 841 998 etiam.
897 931 1097 1016 Turic‘post
1121 932 1180 996 alc.
1205 932 1321 996 inserit

199 1072 201 1080 ι
314 1060 492 1106 erroreum
516 1039 610 1102 Bodi.
636 1019 687 1100 ed.
711 1039 810 1100 Andr.
834 1035 915 1100 lens.
939 1039 1018 1114 (tac.
1037 1031 1154 1112 Gesn.)
1179 1048 1212 1096 et
1231 1037 1322 1098 meis

314 1157 388 1206 ante
410 1141 535 1224 Gryph·
560 1141 722 1222 omnibus.
774 1141 823 1202 Ex
841 1159 905 1222 quo
928 1151 1013 1203 recte
1037 1133 1160 1208 efficere
1183 1137 1322 1198 videtur

313 1245 425 1308 Burro.
435 1244 525 1316 aiter,
543 1253 576 1303 et
590 1233 640 1302 ilie
652 1243 760 1302 eriam.
813 1241 899 1304 Nam
915 1259 1019 1322 neque
1034 1237 1154 1311 vetusta
1168 1237 1230 1324 iila,
1258 1259 1324 1304 ne-

312 1367 374 1432 que
388 1357 513 1429 recepta
526 1345 619 1428 piane
635 1343 789 1426 procedit.

392 1511 425 1569 a,
455 1509 486 1576 5,
511 1497 546 1560 6.
577 1495 715 1556 Phidias
740 1527 783 1542 --
812 1491 1321 1574 iiloautemquaeinornamen·

312 1609 393 1660 tum.
469 1595 662 1660 Obversatue
682 1595 780 1664 Fabio
805 1596 934 1656 videtur
956 1595 1046 1655 locus
1071 1591 1236 1655 Ciceronis
1262 1593 1321 1657 De

316 1698 373 1761 Or.
394 1713 427 1770 2,
459 1713 500 1775 17
524 1711 604 1760 extr.
657 1699 688 1758 ic
702 1709 825 1768 autem,
849 1707 971 1778 praeter
989 1696 1103 1755 miram
1126 1709 1159 1756 et
1178 1695 1320 1757 nimiam

313 1819 416 1880 paene
440 1796 717 1870 convenientiam,
750 1817 829 1880 quae
844 1797 889 1860 est
904 1801 935 1860 ei
950 1817 1025 1858 cum
1042 1797 1182 1878 proximi
1202 1797 1322 1878 capitio

315 1899 533 1970 conclusione,
573 1899 669 1961 habet
690 1897 927 1972 difficultatem,
969 1917 1064 1982 quam
1090 1916 1160 1960 non
1183 1897 1321 1959 videtur

315 1997 461 2062 sustulisse
471 2001 629 2073 Ernestue,
655 2001 710 2064 etii
724 2001 874 2084 probatus
883 1998 1132 2082 Wyrtenbachio
1147 2001 1185 2061 V.
1201 1997 1320 2062 Celeb.

314 2100 350 2162 iu
366 2101 442 2165 bibl.
461 2101 540 2165 Crit.
567 2103 638 2166 vol.
661 2123 690 2165 r.
717 2123 749 2186 p.
772 2098 827 2184 1'9.
879 2101 993 2164 Noster
1007 2097 1088 2161 inira
1109 2107 1156 2179 (a,
1184 2117 1238 2180 19,
1266 2105 1322 2181 3.)

155 2213 159 2223 '
206 2211 210 2217 “
256 2230 265 2252 x
314 2201 471 2266 Praxitele
492 2206 593 2266 utitur
616 2206 782 2287 exemplo,
813 2205 934 2287 quoin
955 2203 1026 2264 loco
1049 2203 1146 2264 verba
1165 2200 1230 2264 sere
1249 2203 1319 2275 iiia,

312 2323 391 2386 qnae
408 2301 478 2366 sunt
493 2303 728 2388 impeditiffima
743 2307 826 2389 apud
841 2307 1032 2369 Ciceronem
1051 2307 1115 2383 (De
1126 2305 1182 2368 Or.
1202 2319 1235 2378 a,
1255 2307 1322 2384 17)

312 2405 507 2478 „alodialem
524 2399 670 2500 artifex“
692 2405 761 2472 satie
774 2401 851 2491 ¹apte
868 2420 1045 2490 ponuntur.

389 2553 421 2608 2,
446 2549 481 2622 4,
506 2555 541 2602 a.
575 2529 754 2622 accepimus
769 2531 902 2632 species.
954 2539 1063 2598 Turic.
1080 2535 1186 2600 Guels.
1206 2535 1315 2601 Goth.

313 2635 386 2724 (tac.
405 2639 515 2718 Geso.)
530 2631 761 2732 accipirrrussp.
789 2662 863 2703 curn
880 2640 954 2702 edd.
967 2641 1047 2702 meis
1062 2639 1214 2720 aGryph.
1233 2640 1316 2702 inde

313 2742 465 2824 usquead
482 2739 575 2806 Gesn.
592 2746 648 2824 qui
663 2756 702 2804 ex
715 2756 794 2804 vert.
811 2744 1018 2824 praeteritum
1035 2743 1210 2814 revocavit.
1259 2741 1317 2803 Vi·

314 2841 407 2902 demr
423 2843 526 2924 aptius
546 2839 701 2924 praesens,
723 2845 795 2926 quia
811 2845 999 2928 significatur
1012 2856 1137 2926 recepta
1154 2843 1237 2902 inter
1253 2824 1318 2905 iro·

312 2939 417 3003 mineo
432 2943 544 3004 divisro
561 2935 794 3014 narrationum,
821 2965 889 3006 non
911 2965 964 3017 ea,
993 2963 1087 3026 qnam
1103 2945 1136 3003 in
1150 2941 1318 3025 prioribus

314 3038 444 3123 scriptor
464 3039 528 3126 ipso
551 3042 677 3118 fecerit,
712 3065 777 3127 qno
805 3043 900 3132 poisrt
927 3047 1082 3136 deducere
1104 3045 1318 3126 praeteritum

313 3142 463 3205 hocloco
478 3146 625 3226 positum.
679 3147 793 3230 Neque
811 3145 911 3209 obstat
924 3167 1001 3223 mox
1022 3165 1209 3228 comparens
1225 3145 1319 3208 dedi·

312 3265 393 3316 mus,
421 3249 508 3328 quod
523 3250 651 3330 proprie
672 3249 712 3310 de
733 3247 764 3310 se
784 3249 862 3310 dicit
882 3245 1051 3331 respiciens
1069 3248 1108 3309 ad
1131 3269 1159 3318 ι,
1188 3259 1221 3324 ss,
1254 3257 1315 3326 18.

318 3365 355 3426 1,
382 3363 423 3432 9,
448 3361 481 3410 Ω.
511 3349 544 3412 6.
597 3349 769 3412 Peculiaris
791 3363 897 3415 autem
920 3350 1099 3430 argumenti
1120 3349 1319 3433 significatus

194 3464 197 3472 ·
251 3449 255 3458 '
302 3449 345 3508 ‘in
368 3447 402 3512 h.
426 3447 448 3513 l.
475 3451 643 3514 invenitur
662 3451 761 3514 etiam
786 3453 871 3536 apud
900 3449 1092 3516 Ciceronem
1116 3452 1156 3512 de
1178 3451 1252 3512 inv.
1281 3471 1316 3524 ι,

312 3565 367 3628 19.

386 3695 419 3752 Ω,
447 3683 480 3754 6,
508 3699 548 3775 Ω,
563 3697 602 3746 ἰε
615 3681 684 3748 ideo
699 3700 855 3746 neutrum.
906 3681 1000 3755 „Em
1015 3679 1087 3751 hoc,
1103 3693 1317 3764 uatnmepo·

307 3777 422 3844 stremo
442 3801 499 3855 eo,
536 3785 624 3868 quod
652 3787 826 3858 antecedit,
867 3795 1051 3868 utrumqne,
1090 3781 1316 3862 abjiciendum

306 3881 402 3942 duco.
896 3877 923 3898 ’“

384 4025 424 4081 a,
451 4021 490 4087 8,
520 4027 553 4088 7.
579 4006 747 4105 sacrorum
760 4017 981 4092 ¹eerturm'rrnm.
1034 4012 1127 4076 Adde
1141 4011 1316 4076 adnoram

305 4127 372 4174 ern:
401 4110 585 4178 Certamina
608 4113 703 4191 sacra,
732 4117 819 4178 nulia
838 4117 902 4180 loci
923 4116 1119 4198 temporieve
1138 4129 1206 4196 quo
1221 4115 1314 4180 inui-
