2794 4794
13 375 23 404 ι

67 414 80 470 s
226 437 276 504 ιο
465 415 522 486 Μ.
549 415 649 486 ιιι.
676 413 988 507 cummium

225 621 265 680 et
296 607 620 690 attrectationem,
649 617 696 676 ut
721 594 947 709 fasceatim.
987 627 1101 720 quae
1124 603 1232 679 mihi

174 743 213 787 αι
227 747 311 796 uon
324 719 601 820 approbantur.
662 719 708 792 V
704 711 922 804 octobrium,
946 743 994 796 ιιι
1013 701 1263 816 appellatio-

114 875 117 882 -
225 834 392 911 dicenda
415 832 461 908 fit
478 845 702 936 προσηγορίαι,
727 847 766 905 et
788 831 1028 926 subjicienda
1049 835 1229 924 nomini,

224 977 298 1026 uec
321 976 392 1038 ne,
421 947 515 1048 quia
538 947 652 1047 parvi
681 944 822 1036 refert,
849 948 1023 1022 liberum
1042 951 1230 1048 opinatu-

178 1070 281 1142 uris
300 1067 509 1166 relinquo.¹
553 1063 731 1138 Nomina
752 1061 949 1138 declinare
977 1079 1016 1136 et
1041 1065 1162 1158 verba
1183 1067 1250 1160 iu⁴

224 1183 365 1284 primis
391 1180 508 1280 pueri
532 1175 674 1254 sciant:
711 1203 844 1278 neque
867 1181 975 1253 carim
998 1181 1110 1253 aliter
1136 1205 1232 1284 perf

225 1300 363 1372 venire
393 1293 443 1369 ad
475 1294 720 1372 intellectum
756 1291 1010 1392 sequentium
1044 1291 1231 1394 polluam

224 1409 470 1514 quodetiam
486 1432 650 1484 monere
666 1407 957 1508 supervacuum
974 1407 1123 1498 fuerat,
1152 1410 1233 1485 uili

205 1537 209 1544 '
226 1525 429 1602 ambitiosa
442 1521 691 1599 festinatione
708 1525 923 1623 plerique'a
942 1523 1248 1624 posterionbus·

224 1643 469 1742 inciperent:
500 1654 550 1726 et,
572 1637 672 1714 dum
687 1637 877 1713 ostentare
894 1637 1107 1739 discipulos
1125 1643 1234 1716 circa

179 1743 183 1750 ’
225 1751 455 1857 speciofiora
478 1754 651 1841 malunt,
689 1753 928 1852 compendio
965 1773 1231 1834 morarentur.

178 1877 277 1948 atAt
302 1861 331 1944 fi
356 1871 446 1970 quis
475 1883 513 1940 et
544 1866 728 1942 didicerit
759 1867 866 1958 latis,
908 1885 947 1944 et
976 1871 1120 1976 (quod,
1142 1897 1234 1951 non
1274 1941 1278 1946 .

288 2068 508 2134 ιιιιιιιαιὶοιιιιιι,
531 2062 624 2120 Guelf.
635 2067 819 2119 tractationem
832 2081 859 2122 et
873 2069 908 2121 lic
917 2067 1006 2124 Codd.
1021 2087 1106 2143 paene
1120 2088 1234 2128 ornnes.

179 2153 186 2160 '
225 2151 306 2208 Unde
330 2153 361 2206 tu
383 2152 612 2210 attrectationem,
632 2149 752 2226 ignoro,
774 2167 838 2204 crim
861 2164 888 2205 et
908 2167 977 2207 vett.
999 2153 1060 2208 edd.
1078 2154 1236 2230 pleraeque

225 2236 409 2294 lrabeantaut
424 2237 624 2296 tractationem,
644 2249 707 2291 aru.
723 2235 800 2307 pejus
817 2235 917 2296 etiam,
937 2242 1129 2293 attractionem.
1173 2241 1236 2297 Ve.

225 2321 362 2378 riffiraum
388 2335 478 2374 tamea
508 2317 545 2372 est
569 2335 729 2394 receptum,
760 2333 787 2372 et
811 2319 842 2372 in
867 2321 968 2375 rariori
993 2340 1064 2378 voce
1093 2323 1234 2380 facillime

224 2403 327 2482 syllaba
348 2421 377 2460 at
399 2402 581 2458 hauriebatur
601 2401 635 2456 ab
656 2401 828 2458 antecedente
851 2419 886 2458 et.

199 2507 204 2514 ·
282 2489 393 2566 supero.
404 2487 513 2566 fuerat.
544 2487 636 2542 Guell.
660 2503 717 2542 erat
742 2492 820 2556 (cum
834 2487 908 2542 Alta.
927 2503 955 2542 et
969 2486 1055 2560 obt.)
1068 2484 1144 2565 qudd
1166 2493 1235 2558 sane

224 2573 376 2650 praestat„
473 2575 512 2628 Ar
527 2569 636 2648 fiquis.
680 2571 771 2626 Guell.
789 2587 816 2626 et
834 2573 918 2626 Goth.
938 2573 1009 2642 (tac.
1029 2575 1124 2644 Gelu.)
1142 2579 1236 2652 Atqui

123 2673 125 2677 ·
224 2679 244 2714 ι.
259 2681 301 2734 q..
317 2675 380 2712 cunt
389 2655 465 2714 Voss'.
475 2675 551 2710 omn.
562 2657 657 2710 Turio.
673 2673 701 2710 et
719 2659 801 2712 Beru.
824 2659 860 2710 Et
876 2661 910 2710 lic
927 2671 996 2730 puto
1012 2677 1107 2712 omnes
1125 2658 1235 2718 babere

225 2741 316 2798 Codd.
333 2757 490 2814 quanquam
508 2739 543 2794 de
560 2740 725 2794 Britannicit
743 2739 817 2795 Gibi.
835 2755 921 2801 tacet,
943 2757 970 2796 et
985 2741 1019 2796 de
1033 2742 1107 2797 Alm.
1126 2747 1231 2801 Burm.

225 2827 330 2904 Regina
345 2825 392 2878 bic
406 2822 588 2894 objectionem
606 2823 658 2876 effe
673 2839 765 2901 negat.
781 2839 980 2898 proptereaque
997 2831 1043 2902 qui
1057 2828 1233 2888 eradendum

223 2909 325 2966 [tradet.
367 2909 442 2964 Vett.
459 2905 572 2960 addent
587 2907 657 2963 Ven.
676 2919 725 2981 94.
748 2907 811 2962 Ald.
832 2911 919 2965 Viart.
944 2916 1027 2979 (curn
1050 2911 1097 2964 lu'c
1123 2929 1233 2968 cetero-

224 2994 275 3067 qui
299 2991 534 3068 prellejequatur
559 2993 701 3069 Regium)
723 2993 844 3046 retinent
860 2997 951 3070 Atqui.
993 2997 1030 3050 Et
1055 2997 1137 3074 negti
1154 3001 1233 3054 ratio

222 3075 301 3132 nulla
316 3076 368 3136 ιιι.
388 3091 495 3129 climac
513 3074 616 3148 pariter·
633 3075 810 3152 obloquatur.
854 3081 889 3132 Et
913 3081 972 3132 lane
994 3080 1148 3154 opponitur
1166 3082 1235 3138 loli·
1318 3066 1323 3075 ¹

223 3178 268 3218 tae
283 3159 476 3240 magistrorum
490 3159 524 3216 ,in
539 3161 634 3232 parvis
651 3159 845 3240 negligentiae,
863 3161 1010 3241 diligentie
1025 3167 1092 3218 navi
1108 3167 1234 3237 alicujus

159 3272 163 3278 -
222 3244 418 3323 praeceptoria.
461 3241 563 3298 Saltem
588 3261 685 3318 operae
706 3245 828 3318 pretium
846 3264 903 3300 uon
923 3261 996 3322 orat,
1018 3265 1107 3322 puto,
1129 3264 1236 3308 contra

223 3330 312 3389 Codd.
330 3327 437 3403 aliquid
452 3347 565 3389 corate.
608 3327 723 3401 Reliqui
746 3345 852 3390 ιιιιιιιι,
874 3332 949 3404 quod
965 3330 1100 3387 obtinuit.

283 3431 312 3470 et
332 3445 373 3458 -
394 3415 516 3469 voluerit.
558 3411 724 3468 Goellaute
741 3415 795 3468 ool.
811 3417 912 3488 repetit
928 3432 1032 3470 etcum
1048 3417 1234 3490 quibusdam.
1300 3403 1313 3416 ⁷

223 3501 306 3575 Quod
320 3515 412 3554 atatem
427 3499 622 3566 Burmatluur,
643 3517 706 3551 curn
722 3515 809 3572 eoque
832 3499 1031 3554 Loclrmauuua
1051 3500 1070 3555 l.
1083 3523 1106 3556 c.
1130 3523 1158 3578 p.
1180 3523 1191 3556 ι
1207 3525 1235 3568 ι,

222 3669 354 3744 liguilicat
375 3665 611 3726 attrectationem,
638 3665 721 3738 quic'
747 3681 776 3728 2,
791 3681 829 3720 22
846 3667 906 3746 egi,
928 3668 1079 3722 ambitionis
1096 3669 1239 3745 significa.

123 3749 126 3756 ’
224 3751 325 3808 talibus
340 3751 478 3806 adverbiis
495 3752 618 3810 utimur,
640 3769 703 3804 cum
746 3752 861 3804 tionem.
890 3753 955 3806 Nou
971 3753 1045 3805 enirn
1060 3765 1114 3806 tam
1131 3771 1240 3826 paren.

105 3879 129 3911 .·
223 3835 732 3914 lingulasrecautmauuautmeu·
747 3849 808 3888 turn
832 3850 860 3888 et
880 3835 1079 3910 discipulorrun
1102 3855 1238 3895 amorem
1317 3848 1320 3850 ’

202 3931 205 3939 ·
223 3923 337 3993 tequasr
352 3919 584 4006 apprehendimur
598 3933 626 3972 et
640 3937 704 3973 coa·
745 3917 796 3972 ltac
810 3919 980 3973 fellirtatione
993 3933 1082 3994 captet
1090 3922 1238 3998 magister

103 4013 111 4026 “
223 4013 381 4059 trQectamus
745 4021 829 4075 quam
846 4005 918 4056 ιιιιιιιι
934 4002 1063 4081 gloriam,
1078 4023 1129 4098 qur
1121 4004 1241 4060 oileu-

261 4087 404 4162 amlu'tioso
422 4083 611 4162 festinatione
655 4086 704 4144 Vi·
746 4099 787 4140 tat
808 4085 955 4161 discipulae
984 4090 1045 4142 suos
1069 4089 1140 4141 circa
1172 4092 1239 4166 ipe.

218 4171 287 4226 dem
302 4173 374 4226 milri
391 4187 419 4226 et
434 4167 482 4222 hic
496 4171 642 4248 agnoscere
662 4189 703 4224 r·e
745 4170 867 4224 cioliora.
908 4175 982 4226 Beue
1003 4171 1093 4252 igitur
1116 4173 1239 4261 Qedoy·

217 4257 371 4316 certiorem
392 4255 487 4357 illata,
505 4255 541 4314 de
555 4273 609 4330 qua
623 4253 702 4314 adr,
744 4272 813 4310 aare:
836 4256 1066 4332 pricipitatioa
1049 4244 1207 4318 ιιιιιιὶιιι..
