2870 4792
105 343 162 390 ⁵
241 412 359 486 ψ,
480 391 576 472 ,Μ
599 393 703 462 mn.
730 387 1042 484 omninum
1151 447 1182 468 ,,

217 567 223 578 ’
284 600 374 658 tum
392 595 543 666 autem,
571 593 620 652 ut
641 601 736 652 mox
757 572 954 662 dicemus,
983 576 1028 650 in
1042 575 1104 653 his
1121 601 1287 674 quoque

201 713 205 739 ¹
284 698 402 775 rebus
420 707 671 770 momentum
686 691 760 782 est;
796 708 835 764 et
850 692 954 766 nihil
974 689 1101 790 potest
1119 692 1288 790 placere,

239 809 398 911 ,equod
415 835 499 886 non
518 808 639 882 decet.
690 809 819 882 Debet
835 809 952 882 etiam
967 805 1110 886 docere
1127 831 1288 880 comoe-

285 926 380 1014 du5‚
418 922 625 1023 quomodo
651 922 912 1009 narrandum,
947 947 1025 1019 qua
1049 917 1093 993 stt
1115 922 1288 994 auctori·

251 1111 256 1120 .
284 1037 361 1116 tate
390 1035 656 1138 suadendum,
684 1063 763 1138 qua
786 1037 1052 1112 concitatione
1079 1035 1288 1137 consurgat

284 1159 374 1244 ira,¹
392 1157 464 1254 qui
493 1151 618 1229 flexus
639 1153 779 1228 deceat
803 1148 1105 1226 miserationem.
1165 1150 1287 1254 Quod

284 1273 339 1346 ita
361 1271 512 1372 optime
538 1267 676 1358 faciet,
703 1267 731 1342 fi
757 1284 883 1342 certos
906 1291 953 1340 ex
971 1265 1189 1340 comoediis
1207 1266 1287 1339 ele·

285 1388 387 1486 gerit
401 1387 530 1472 locos,
545 1399 600 1481 et
618 1383 758 1458 adhoc
774 1384 942 1456 maxime
957 1380 1137 1468 idoneas,
1157 1380 1201 1458 id
1218 1379 1285 1469 est,

240 1499 507 1583 mactionibua
523 1497 675 1574 ssmiles.
695 1518 705 1532 ’
730 1497 856 1574 Iidem
874 1513 1007 1572 autem
1020 1507 1112 1572 non·
1125 1495 1177 1570 ad
1192 1521 1286 1595 pro·

283 1611 559 1694 nunciandum
581 1612 705 1689 modo
728 1609 934 1700 utiliffimi,
965 1637 1106 1686 verum
1137 1609 1187 1686 ad
1214 1637 1286 1704 au-

187 1781 192 1790 ·
282 1727 452 1830 gendam
474 1713 636 1826 quodue
657 1729 928 1825 eloquentiam
945 1729 1114 1802 maxime
1131 1745 1357 1807 accunt-¹¹8

119 1939 121 1949 *
170 1925 202 1935 ,-
269 1841 434 1948 ‚modat
463 1857 590 1917 erunt
654 1848 702 1921 Et
730 1844 844 1931 haec,
880 1839 979 1918 dum
1007 1839 1164 1916 infirma
1186 1858 1287 1918 aetas

208 1990 210 1999 ·
240 1965 433 2052 :amajora
447 1983 531 2032 non
544 1961 694 2057 capiet:
727 1974 920 2044 ceterum,
949 1983 1041 2032 cum
1056 1957 1185 2056 legere
1201 1983 1287 2032 ora·

284 2077 415 2152 tiones
453 2073 670 2172 oportebit,
709 2099 800 2148 cum
832 2075 1004 2148 virtutes
1037 2097 1185 2152 earum,
1207 2078 1287 2166 jam

286 2187 443 2276 sentiet,
478 2203 565 2262 tum
584 2189 687 2264 milri
713 2187 883 2288 diligens
905 2184 1047 2285 aliquis
1071 2213 1114 2262 ac
1134 2189 1288 2287 peritus

222 2311 231 2326 '
285 2301 437 2380 allistat:
467 2329 596 2402 neque
612 2299 931 2391 solumlectione
946 2300 1109 2392 formet,
1144 2328 1288 2378 verum

286 2423 404 2494 etiam
421 2417 590 2494 ediscere
605 2421 725 2494 electa
742 2444 789 2492 ex
807 2419 874 2492 ltis'
888 2434 1018 2518 cogat,
1040 2435 1079 2492 et
1095 2445 1139 2494 ea
1155 2417 1287 2517 dicere

285 2533 450 2610 stantem
466 2535 567 2608 clare
585 2551 623 2610 et
640 2532 980 2634 quemadmodum
998 2559 1109 2634 agere
1129 2549 1287 2633 oporte-

284 2650 363 2724 bit:
406 2665 453 2724 ut
487 2653 672 2749 protinus
707 2651 1041 2748 pronunciatione
1076 2673 1218 2724 vocem
1248 2665 1290 2724 et

241 2763 521 2848 :memoriam
541 2781 723 2839 exerceat.
781 2768 846 2839 Ne
866 2765 958 2840 illos
976 2763 1141 2864 quidem
1155 2789 1289 2866 repre·

350 2968 463 3022 Ithace
479 2968 550 3022 donn
592 2967 684 3024 Guelf.
701 2969 735 3023 Et
751 2968 799 3022 tac
816 2967 888 3022 darn.
931 2967 1021 3024 Placet
1043 2971 1115 3030 lere.
1137 2987 1200 3024 cum
1217 2987 1289 3024 non·

283 3051 334 3106 nist
351 3071 441 3105 unum
457 3051 510 3105 hoc
526 3068 654 3129 tangatur
671 3053 704 3106 de
721 3052 790 3106 locis
807 3052 1015 3108 comoediarum
1033 3053 1175 3132 eligendis.

324 3140 551 3209 pronunciatione.
576 3137 660 3190 Goth.
676 3135 921 3210 pronunciationem
936 3157 997 3192 cnm
1012 3137 1090 3202 Badl.
1102 3143 1195 3190 loann.
1210 3127 1287 3193 Alm.¹

282 3221 377 3274 Turio.
389 3217 462 3277 Voss.
477 3239 501 3272 1.
515 3233 541 3273 α.
556 3223 638 3274 Bern.
654 3239 717 3274 cnm
729 3217 792 3274 Ald.
831 3219 935 3283 Placet,
957 3241 1020 3276 nam
1035 3221 1173 3278 ablativus
1188 3221 1290 3276 iustru-

281 3305 372 3359 menti
387 3305 416 3357 in
430 3323 507 3378 pron.
523 3323 579 3359 non
595 3323 761 3384 magnopere
776 3305 911 3378 procedit.

737 3392 743 3424 t

325 3491 390 3528 mox
408 3473 532 3526 attacum.
554 3469 573 3525 l.
594 3489 639 3526 ιι.
656 3488 679 3526 ο.
696 3487 713 3541 5
729 3471 763 3528 de
805 3489 947 3548 poetarum
963 3487 1021 3528 erat
1036 3473 1182 3530 enarratio.
1204 3473 1239 3528 cf.
1261 3495 1289 3538 ι,

280 3559 520 3634 pronunciatione.
806 3568 842 3628 4,
862 3571 890 3612 2.
913 3574 941 3612 et
966 3579 991 3619 ι,
1013 3567 1032 3628 8
1054 3561 1213 3638 integrum,
1235 3557 1290 3614 ubi

316 3643 427 3714 flexas,
445 3641 499 3714 ¹qni
514 3638 550 3694 est
564 3640 658 3703 vocis,
677 3660 763 3716 oppo-
805 3639 882 3696 nulla
920 3658 1062 3699 oratorum
1099 3642 1288 3721 legendorum

282 3729 360 3780 nitor
375 3725 583 3800 quodammodo
599 3721 782 3787 auctoritaie
804 3727 919 3781 mentio.
972 3729 1098 3784 Comoedi
1120 3741 1212 3782 antem
1236 3726 1288 3780 do·

281 3830 351 3884 quae
367 3825 475 3866 rectum
491 3811 576 3883 poscit
592 3813 698 3865 lomim.
804 3811 890 3864 centis
913 3827 1004 3886 partes
1026 3813 1077 3866 elle
1093 3812 1191 3872 credo.
1214 3811 1287 3866 dum

282 3961 289 3966 ι
320 3895 469 3949 actionibus
482 3896 501 3948 i.
516 3915 539 3949 e.
555 3897 638 3950 caulis
653 3897 682 3948 in
697 3895 760 3950 loro
802 3895 832 3947 in
856 3897 1037 3952 Grammatici
1053 3895 1201 3971 ‘disciplina
1223 3891 1290 3950 ver·¹

280 3977 402 4066 agendis.
537 3983 538 3988 ’
803 3981 875 4034 santa
898 3997 986 4054 prtem
1012 3999 1070 4036 non
1092 3981 1242 4057 proprium
1259 3981 1288 4036 ei

319 4083 377 4115 cnm
390 4063 479 4134 legere
490 4089 527 4106 ι·-
537 4063 761 4136 oportebr'ffloc-
802 4061 861 4116 dari
878 4077 996 4138 tempus.

276 4143 440 4222 cineigitm·
457 4145 530 4219 opud
540 4147 758 4201 Grammaticnm
861 4149 1090 4219 pronunciatione.
1133 4145 1194 4207 vicl.
1222 4163 1288 4206 not·

271 4225 345 4286 fiet?
385 4231 475 4295 Potor
498 4231 627 4306 sedejua
649 4231 758 4288 nonaili
802 4229 874 4288 Ctit.
