2798 4790
297 363 419 436 msc.
447 364 656 438 caarorc
687 369 778 438 Lm.
805 369 860 454 ιι,
890 388 947 456 17.
1053 349 1125 460 ὅρι’

118 553 181 644 di,
209 551 605 632 beneautemdicere
621 549 693 638 scit
707 569 850 632 orator.
908 553 985 630 Sed
1000 549 1171 640 nescitass

116 697 170 746 an
201 692 346 746 verum
372 669 439 759 srt,
468 668 580 770 quod
606 665 712 745 dicit.
780 671 847 744 Ne
876 669 922 744 hi
949 669 1126 769 quidem,

117 785 194 887 qui
210 787 364 885 ignem,
386 801 631 884 autequam,
650 800 717 860 aut
734 800 907 883 quatuor
921 785 1126 876 elementa,

116 916 188 976 aut
215 925 382 1002 corpora
417 897 644 976 insecabilia
674 895 767 988 esse,
803 901 1030 1000 exquibus
1063 924 1125 978 ree

101 1039 258 1126 ‘omnes
293 1016 456 1092 initium
488 1013 693 1102 duxerint,
732 1014 894 1090 tradunt
901 1041 912 1106 ;
949 1039 1023 1090 nec
1053 1017 1128 1116 qui

114 1117 326 1206 'intervalla
342 1127 536 1218 siderum,
554 1145 594 1206 et
610 1125 811 1205 mensuras
826 1126 921 1206 solis
939 1153 982 1202 ac
999 1145 1124 1204 terrae

116 1245 337 1345 colligunt:
378 1239 627 1345 disciplinam
662 1260 792 1318 tamen
831 1240 972 1334 suam‚·
999 1261 1124 1320 artem

116 1374 272 1436 vocant.
332 1359 454 1466 Quod
481 1357 509 1434 sr
536 1362 638 1435 ratio
665 1355 800 1448 elficit,
835 1373 881 1434 ut
913 1357 1010 1454 haec
1038 1385 1126 1436 non

118 1477 295 1576 opinari,
317 1472 405 1564 sed,
427 1491 590 1576 propter
606 1476 692 1550 vim
708 1474 1006 1573 probationum,
1026 1467 1125 1550 scire

118 1590 349 1680 videantur3
380 1589 517 1666 eadem
530 1591 631 1666 ratic
646 1588 752 1664 idem
767 1587 960 1688 praestare
977 1591 1125 1666 oratori

116 1703 256 1808 potest.
322 1705 398 1780 Sed
426 1731 477 1780 an
507 1703 618 1780 causa
638 1729 735 1780 vera
755 1699 820 1793 sit,
853 1701 986 1796 nescit.
1055 1705 1171 1793 Νοῦς

117 1819 299 1896 medicus
323 1819 507 1920 quidem,
535 1845 585 1896 an
609 1817 793 1898 dolorem
816 1819 952 1920 capitis
972 1817 1125 1907 habeat,

117 1937 192 2036 qui
206 1935 285 2014 hoc
299 1932 337 2008 se
352 1937 434 2034 pati
449 1934 573 2012 dicet:
607 1935 761 2010 curabit
777 1949 920 2024 tamen,
935 1949 1126 2034 tanquam

117 2049 163 2128 id
188 2075 331 2130 verum
357 2047 421 2140 srt,
458 2065 498 2124 et
526 2051 602 2126 er'it
624 2075 684 2126 ars
711 2049 919 2124 medicina.
988 2048 1124 2151 Quid?

119 2166 232 2265 quod
254 2165 452 2240 rhetorice
474 2190 559 2240 non
577 2166 719 2262 utique
738 2161 987 2262 propofitum
1006 2161 1125 2236 habet

119 2279 273 2382 semper
289 2305 383 2356 vera
404 2278 584 2366 dicendi,
608 2275 676 2352 sed
699 2273 852 2376 semper
870 2271 1123 2350 verisimilia?

120 2395 189 2470 scit
212 2411 346 2472 autem
365 2389 438 2470 csse
456 2391 704 2480 verifimilia‚
729 2414 831 2490 quae
850 2389 957 2466 dicit.
1014 2389 1170 2484 Adii-co

121 2513 233 2588 ciunt
254 2511 338 2602 his,
368 2511 443 2613 qui
467 2521 605 2584 contra
631 2503 829 2595 sentiunt,
864 2503 976 2606 quod
999 2502 1123 2605 saepe,

183 2739 318 2798 duxerint.
361 2739 426 2792 Hoc
439 2756 475 2792 ex
490 2754 548 2792 uno
562 2737 692 2792 nomina
706 2733 831 2808 reposui,
848 2735 1038 2810 procamium
1056 2749 1125 2790 cete·
1229 2755 1233 2774 ·

118 2841 216 2880 rorum
233 2837 260 2877 et
275 2822 439 2896 scriptorum
456 2837 483 2876 ct
499 2819 826 2880 circummundanum,
847 2819 926 2893 quc‘d
938 2818 1028 2898 logica
1043 2821 1125 2876 simul

119 2923 149 2962 et
170 2907 288 2962 latinitas
309 2907 452 2980 respuunt.
494 2907 568 2964 Nam
584 2903 659 2959 hunc
673 2903 766 2958 locum
781 2921 817 2960 ex
831 2923 864 2958 eo
878 2921 993 2982 genere,
1014 2901 1049 2958 tle
1067 2923 1124 2976 quo

118 2991 243 3066 disputat
263 2993 451 3068 Heusingcrru
473 2987 560 3044 Praei.
580 2987 614 3043 ad
638 2987 696 3044 Cic.
721 2987 755 3042 de
770 2989 828 3044 Oll-
849 3007 877 3060 p.
894 2989 977 3049 Llll.
998 2987 1124 3042 essenon

118 3091 199 3154 puto.
227 3078 264 3130 Et
278 3071 358 3130 facile
373 3071 516 3130 aberrabat
532 3071 641 3128 librarii
655 3069 754 3125 oculus
772 3087 787 3124 ι
804 3073 914 3125 wedene
928 3071 962 3124 erl
976 3070 1125 3128 duxeram.

160 3160 310 3216 videamur.
344 3158 431 3218 Goth.
445 3157 518 3230 (tac.
534 3157 630 3224 Gesn.)
643 3155 780 3216 videamur
794 3173 858 3210 cum
874 3155 950 3216 Voss.
967 3167 996 3208 ι.

114 3357 212 3416 menda
233 3353 271 3412 aa
292 3375 351 3414 vox
373 3353 494 3436 legentis
512 3355 549 3412 iu
565 3377 604 3414 ra·
643 3353 720 3414 sensu
742 3353 830 3432 accipi
849 3351 1022 3410 locutionem
1045 3351 1123 3407 hanc.

115 3439 315 3524 spondendum.
359 3443 393 3494 In
415 3441 452 3496 iia
473 3461 543 3514 quae
567 3443 604 3497 sc·
643 3439 810 3496 aolecenim
827 3435 992 3514 plerumque
1007 3433 1126 3492 modeste

117 3541 247 3602 «luuntur
256 3529 308 3600 Qu.
324 3525 427 3600 repetit
441 3525 602 3582 sententiam
643 3520 787 3580 affirmare.
829 3523 884 3580 llic
910 3522 1023 3596 qrrirlem
1053 3519 1127 3574 nihil

117 3609 307 3670 Antonianum
323 3623 356 3664 ut
371 3607 603 3688 sandargramen·
644 3606 707 3664 tale.
737 3607 772 3664 cs.
788 3622 847 3664 nor.
864 3626 907 3661 aar.
923 3605 957 3662 ad
977 3607 1043 3676 Μ
1065 3603 1125 3684 huj.

118 3711 180 3752 tum
200 3693 266 3748 iride
282 3693 406 3770 petitum
422 3694 547 3770 accingat
562 3711 605 3750 re·
643 3711 705 3770 cap.

117 3777 283 3837 sellcudurn.
331 3775 448 3850 Alioqui
470 3777 540 3832 male
560 3778 603 3832 in·
686 3777 769 3830 lri-
785 3777 886 3850 qvi-
901 3771 1020 3838 rmsune.
1041 3771 1127 3828 Intel-

118 3863 246 3942 telligaa‚
267 3861 297 3916 irs
317 3861 412 3936 ipsum
428 3859 480 3916 essa
494 3863 604 3936 respon·
643 3857 715 3938 lige:
745 3857 852 3931 Plrysci
874 3857 1044 3934 philosophi,
1086 3857 1127 3912 81·

118 3947 261 4012 flendum
304 3943 383 4020 qrrod
419 3943 607 4024 inelegantiua
644 3943 757 4022 gnificat
792 3957 886 3998 autem
931 3943 1128 4021 l’ytlugoreor,

119 4033 206 4090 soret.
645 4025 837 4094 Heraclitum.
851 4025 1131 4100 Thaletem‚‚Empe·

118 4149 125 4156 ·
186 4111 327 4188 nescitae.
369 4113 432 4166 lsoc
447 4107 510 4166 loco
525 4127 606 4186 appa-
647 4109 773 4180 dodoau,
803 4111 995 4186 Leucippum,
1026 4111 1131 4168 Dano-

118 4216 180 4264 τοι.
195 4197 261 4258 alio.
277 4215 362 4274 quam
376 4195 605 4270 srequeatlssmw.
648 4197 767 4258 exitum.
788 4195 956 4271 Epicurum.
