<?xml version="1.0" encoding="UTF-8"?>
<!DOCTYPE html PUBLIC "-//W3C//DTD XHTML 1.0 Transitional//EN"
    "http://www.w3.org/TR/xhtml1/DTD/xhtml1-transitional.dtd">
<html xmlns="http://www.w3.org/1999/xhtml" xml:lang="en" lang="en">
 <head>
  <title>
</title>
<meta http-equiv="Content-Type" content="text/html;charset=utf-8" />
  <meta name='ocr-system' content='tesseract 3.04.00' />
  <meta name='ocr-capabilities' content='ocr_page ocr_carea ocr_par ocr_line ocrx_word'/>
</head>
<body>
  <div class='ocr_page' id='page_1' title='image "./deinstitutioneo08quingoog_0655.png"; bbox 0 0 2752 4780; ppageno 0'>
   <div class='ocr_carea' id='block_1_1' title="bbox 322 255 1221 422">
    <p class='ocr_par' dir='ltr' id='par_1_1' title="bbox 322 255 1221 422">
     <span class='ocr_line' id='line_1_1' title="bbox 322 255 1221 422; baseline 0.007 -24"><span class='ocrx_word' id='word_1_1' title='bbox 322 327 445 398; x_wconf 77' lang='lat' dir='ltr'><strong>rust.</strong></span> <span class='ocrx_word' id='word_1_2' title='bbox 473 255 682 400; x_wconf 67' lang='lat' dir='ltr'><strong>oneror.</strong></span> <span class='ocrx_word' id='word_1_3' title='bbox 705 331 798 414; x_wconf 76' lang='lat' dir='ltr'><strong>cn,</strong></span> <span class='ocrx_word' id='word_1_4' title='bbox 822 330 894 415; x_wconf 71' lang='lat' dir='ltr'><strong>nn</strong></span> <span class='ocrx_word' id='word_1_5' title='bbox 922 343 955 414; x_wconf 71' lang='lat' dir='ltr'><strong>a.</strong></span> <span class='ocrx_word' id='word_1_6' title='bbox 1065 335 1136 422; x_wconf 76' lang='lat'><strong>667</strong></span> <span class='ocrx_word' id='word_1_7' title='bbox 1216 334 1221 348; x_wconf 90' lang='lat'><em>·</em></span> 
     </span>
    </p>
   </div>
   <div class='ocr_carea' id='block_1_2' title="bbox 120 513 1281 1876">
    <p class='ocr_par' dir='ltr' id='par_1_2' title="bbox 121 513 1281 1653">
     <span class='ocr_line' id='line_1_2' title="bbox 132 513 1135 620; baseline 0.004 -28"><span class='ocrx_word' id='word_1_8' title='bbox 132 515 250 594; x_wconf 80' lang='lat' dir='ltr'><strong>thino</strong></span> <span class='ocrx_word' id='word_1_9' title='bbox 277 531 318 592; x_wconf 86' lang='lat' dir='ltr'><strong>et</strong></span> <span class='ocrx_word' id='word_1_10' title='bbox 341 517 727 606; x_wconf 76' lang='lat' dir='ltr'><strong>Catilinario,.nihil</strong></span> <span class='ocrx_word' id='word_1_11' title='bbox 750 515 801 590; x_wconf 81' lang='lat' dir='ltr'><strong>ad</strong></span> <span class='ocrx_word' id='word_1_12' title='bbox 815 513 1027 596; x_wconf 73' lang='lat' dir='ltr'><strong>historiam</strong></span> <span class='ocrx_word' id='word_1_13' title='bbox 1047 544 1135 620; x_wconf 85' lang='lat' dir='ltr'><strong>per·</strong></span> 
     </span>
     <span class='ocr_line' id='line_1_3' title="bbox 130 630 1232 734; baseline 0.007 -26"><span class='ocrx_word' id='word_1_14' title='bbox 130 633 353 708; x_wconf 87' lang='lat' dir='ltr'><strong>tinentibus</strong></span> <span class='ocrx_word' id='word_1_15' title='bbox 376 633 584 734; x_wconf 71' lang='lat' dir='ltr'><strong>principiis</strong></span> <span class='ocrx_word' id='word_1_16' title='bbox 609 630 719 708; x_wconf 85' lang='lat' dir='ltr'><strong>orsus</strong></span> <span class='ocrx_word' id='word_1_17' title='bbox 740 631 804 708; x_wconf 88' lang='lat' dir='ltr'><strong>est.</strong></span> <span class='ocrx_word' id='word_1_18' title='bbox 837 630 840 638; x_wconf 83' lang='grc'><strong>’</strong></span> <span class='ocrx_word' id='word_1_19' title='bbox 861 632 938 708; x_wconf 84' lang='lat' dir='ltr'><strong>Sed</strong></span> <span class='ocrx_word' id='word_1_20' title='bbox 960 659 1070 708; x_wconf 90' lang='lat' dir='ltr'><strong>nuno</strong></span> <span class='ocrx_word' id='word_1_21' title='bbox 1084 635 1180 710; x_wconf 75' lang='lat' dir='ltr'><strong>adm</strong></span> <span class='ocrx_word' id='word_1_22' title='bbox 1227 709 1232 716; x_wconf 85' lang='lat'><em>.</em></span> 
     </span>
     <span class='ocr_line' id='line_1_4' title="bbox 130 746 1136 848; baseline 0.003 -27"><span class='ocrx_word' id='word_1_23' title='bbox 130 746 358 837; x_wconf 84' lang='lat' dir='ltr'><strong>suasoriam,</strong></span> <span class='ocrx_word' id='word_1_24' title='bbox 382 749 540 847; x_wconf 85' lang='lat' dir='ltr'><strong>inqua,</strong></span> <span class='ocrx_word' id='word_1_25' title='bbox 570 750 689 824; x_wconf 81' lang='lat' dir='ltr'><strong>etiam</strong></span> <span class='ocrx_word' id='word_1_26' title='bbox 707 773 800 824; x_wconf 90' lang='lat' dir='ltr'><strong>cum</strong></span> <span class='ocrx_word' id='word_1_27' title='bbox 817 750 1027 848; x_wconf 89' lang='lat' dir='ltr'><strong>prooemio</strong></span> <span class='ocrx_word' id='word_1_28' title='bbox 1049 765 1136 826; x_wconf 90' lang='lat' dir='ltr'><strong>ute-</strong></span> 
     </span>
     <span class='ocr_line' id='line_1_5' title="bbox 127 861 1135 962; baseline 0.002 -26"><span class='ocrx_word' id='word_1_29' title='bbox 127 887 244 950; x_wconf 88' lang='lat' dir='ltr'><strong>mur,</strong></span> <span class='ocrx_word' id='word_1_30' title='bbox 275 861 460 939; x_wconf 90' lang='lat' dir='ltr'><strong>breviore</strong></span> <span class='ocrx_word' id='word_1_31' title='bbox 484 879 635 952; x_wconf 81' lang='lat' dir='ltr'><strong>tumen,</strong></span> <span class='ocrx_word' id='word_1_32' title='bbox 671 879 710 937; x_wconf 87' lang='lat' dir='ltr'><strong>et</strong></span> <span class='ocrx_word' id='word_1_33' title='bbox 733 864 846 938; x_wconf 88' lang='lat' dir='ltr'><strong>velut</strong></span> <span class='ocrx_word' id='word_1_34' title='bbox 872 863 1049 962; x_wconf 86' lang='lat' dir='ltr'><strong>quodam</strong></span> <span class='ocrx_word' id='word_1_35' title='bbox 1073 891 1135 938; x_wconf 83' lang='lat' dir='ltr'><strong>ca·</strong></span> 
     </span>
     <span class='ocr_line' id='line_1_6' title="bbox 130 975 1132 1078; baseline 0.004 -28"><span class='ocrx_word' id='word_1_36' title='bbox 130 981 215 1078; x_wconf 86' lang='lat' dir='ltr'><strong>pite</strong></span> <span class='ocrx_word' id='word_1_37' title='bbox 240 994 394 1054; x_wconf 81' lang='lat' dir='ltr'><strong>tantum</strong></span> <span class='ocrx_word' id='word_1_38' title='bbox 424 996 464 1054; x_wconf 88' lang='lat' dir='ltr'><strong>et</strong></span> <span class='ocrx_word' id='word_1_39' title='bbox 493 981 631 1068; x_wconf 86' lang='lat' dir='ltr'><strong>initio,</strong></span> <span class='ocrx_word' id='word_1_40' title='bbox 673 977 907 1054; x_wconf 82' lang='lat' dir='ltr'><strong>debebimus</strong></span> <span class='ocrx_word' id='word_1_41' title='bbox 937 975 1010 1054; x_wconf 84' lang='lat' dir='ltr'><strong>effe</strong></span> <span class='ocrx_word' id='word_1_42' title='bbox 1037 1005 1132 1056; x_wconf 89' lang='lat' dir='ltr'><strong>con·</strong></span> 
     </span>
     <span class='ocr_line' id='line_1_7' title="bbox 128 1095 1134 1196; baseline 0.001 -29"><span class='ocrx_word' id='word_1_43' title='bbox 128 1095 241 1168; x_wconf 88' lang='lat' dir='ltr'><strong>tenti.</strong></span> <span class='ocrx_word' id='word_1_44' title='bbox 308 1096 590 1170; x_wconf 83' lang='lat' dir='ltr'><strong>Narrationem</strong></span> <span class='ocrx_word' id='word_1_45' title='bbox 623 1119 722 1170; x_wconf 87' lang='lat' dir='ltr'><strong>vero</strong></span> <span class='ocrx_word' id='word_1_46' title='bbox 758 1119 968 1193; x_wconf 78' lang='lat' dir='ltr'><strong>nunquam</strong></span> <span class='ocrx_word' id='word_1_47' title='bbox 1004 1096 1134 1196; x_wconf 83' lang='lat' dir='ltr'><strong>exiget</strong></span> 
     </span>
     <span class='ocr_line' id='line_1_8' title="bbox 124 1208 1132 1310; baseline -0.002 -26"><span class='ocrx_word' id='word_1_48' title='bbox 124 1210 282 1310; x_wconf 83' lang='lat' dir='ltr'><strong>privata</strong></span> <span class='ocrx_word' id='word_1_49' title='bbox 315 1210 568 1299; x_wconf 81' lang='lat' dir='ltr'><strong>deliberatio,</strong></span> <span class='ocrx_word' id='word_1_50' title='bbox 619 1215 704 1304; x_wconf 87' lang='lat' dir='ltr'><strong>ejus</strong></span> <span class='ocrx_word' id='word_1_51' title='bbox 732 1208 921 1284; x_wconf 84' lang='lat' dir='ltr'><strong>duntaxat</strong></span> <span class='ocrx_word' id='word_1_52' title='bbox 952 1210 1029 1297; x_wconf 89' lang='lat' dir='ltr'><strong>rei,</strong></span> <span class='ocrx_word' id='word_1_53' title='bbox 1082 1209 1132 1283; x_wconf 89' lang='lat' dir='ltr'><strong>de</strong></span> 
     </span>
     <span class='ocr_line' id='line_1_9' title="bbox 121 1323 1133 1424; baseline 0 -24"><span class='ocrx_word' id='word_1_54' title='bbox 121 1351 210 1424; x_wconf 84' lang='lat' dir='ltr'><strong>qua</strong></span> <span class='ocrx_word' id='word_1_55' title='bbox 236 1324 403 1403; x_wconf 83' lang='lat' dir='ltr'><strong>dioe&#39;nda</strong></span> <span class='ocrx_word' id='word_1_56' title='bbox 425 1323 616 1400; x_wconf 80' lang='lat' dir='ltr'><strong>sententia</strong></span> <span class='ocrx_word' id='word_1_57' title='bbox 641 1323 714 1400; x_wconf 88' lang='lat' dir='ltr'><strong>est:</strong></span> <span class='ocrx_word' id='word_1_58' title='bbox 753 1327 847 1424; x_wconf 89' lang='lat' dir='ltr'><strong>quia</strong></span> <span class='ocrx_word' id='word_1_59' title='bbox 875 1349 995 1402; x_wconf 90' lang='lat' dir='ltr'><strong>nemo</strong></span> <span class='ocrx_word' id='word_1_60' title='bbox 1017 1325 1133 1423; x_wconf 87' lang='lat' dir='ltr'><strong>igno·</strong></span> 
     </span>
     <span class='ocr_line' id='line_1_10' title="bbox 122 1435 1281 1540; baseline -0.002 -26"><span class='ocrx_word' id='word_1_61' title='bbox 122 1454 189 1514; x_wconf 84' lang='lat' dir='ltr'><strong>rat</strong></span> <span class='ocrx_word' id='word_1_62' title='bbox 202 1439 258 1528; x_wconf 90' lang='lat' dir='ltr'><strong>id,</strong></span> <span class='ocrx_word' id='word_1_63' title='bbox 287 1440 337 1516; x_wconf 89' lang='lat' dir='ltr'><strong>de</strong></span> <span class='ocrx_word' id='word_1_64' title='bbox 357 1467 440 1540; x_wconf 87' lang='lat' dir='ltr'><strong>quo</strong></span> <span class='ocrx_word' id='word_1_65' title='bbox 463 1440 644 1518; x_wconf 83' lang='lat' dir='ltr'><strong>consulit.</strong></span> <span class='ocrx_word' id='word_1_66' title='bbox 703 1437 953 1517; x_wconf 75' lang='lat' dir='ltr'><strong>Extrinsecus</strong></span> <span class='ocrx_word' id='word_1_67' title='bbox 969 1435 1173 1540; x_wconf 71' lang='lat' dir='ltr'><strong>possunt¹¹</strong></span> <span class='ocrx_word' id='word_1_68' title='bbox 1277 1507 1281 1528; x_wconf 78' lang='grc'><strong>,</strong></span> 
     </span>
     <span class='ocr_line' id='line_1_11' title="bbox 125 1555 1134 1653; baseline 0 -26"><span class='ocrx_word' id='word_1_69' title='bbox 125 1556 368 1653; x_wconf 85' lang='lat' dir='ltr'><strong>pertinentia</strong></span> <span class='ocrx_word' id='word_1_70' title='bbox 390 1555 440 1630; x_wconf 84' lang='lat' dir='ltr'><strong>ad</strong></span> <span class='ocrx_word' id='word_1_71' title='bbox 464 1557 793 1630; x_wconf 84' lang='lat' dir='ltr'><strong>deliberationem</strong></span> <span class='ocrx_word' id='word_1_72' title='bbox 816 1556 943 1630; x_wconf 86' lang='lat' dir='ltr'><strong>multa</strong></span> <span class='ocrx_word' id='word_1_73' title='bbox 966 1555 1134 1630; x_wconf 66' lang='lat' dir='ltr'><strong>narrari?</strong></span> 
     </span>
    </p>

    <p class='ocr_par' dir='ltr' id='par_1_3' title="bbox 124 1667 1128 1772">
     <span class='ocr_line' id='line_1_12' title="bbox 124 1667 1128 1772; baseline 0.002 -30"><span class='ocrx_word' id='word_1_74' title='bbox 124 1671 172 1742; x_wconf 88' lang='lat' dir='ltr'><strong>In</strong></span> <span class='ocrx_word' id='word_1_75' title='bbox 206 1671 467 1748; x_wconf 81' lang='lat' dir='ltr'><strong>concionibus</strong></span> <span class='ocrx_word' id='word_1_76' title='bbox 498 1669 610 1772; x_wconf 75' lang='lat' dir='ltr'><strong>saepe</strong></span> <span class='ocrx_word' id='word_1_77' title='bbox 641 1667 695 1746; x_wconf 84' lang='lat' dir='ltr'><strong>est</strong></span> <span class='ocrx_word' id='word_1_78' title='bbox 725 1674 844 1746; x_wconf 84' lang='lat' dir='ltr'><strong>etiam</strong></span> <span class='ocrx_word' id='word_1_79' title='bbox 878 1671 966 1758; x_wconf 86' lang='lat' dir='ltr'><strong>illa,</strong></span> <span class='ocrx_word' id='word_1_80' title='bbox 1026 1693 1128 1768; x_wconf 84' lang='lat' dir='ltr'><strong>quae</strong></span> 
     </span>
    </p>

    <p class='ocr_par' dir='ltr' id='par_1_4' title="bbox 120 1779 1196 1876">
     <span class='ocr_line' id='line_1_13' title="bbox 120 1779 1196 1876; baseline 0.002 -20"><span class='ocrx_word' id='word_1_81' title='bbox 120 1783 312 1860; x_wconf 86' lang='lat' dir='ltr'><strong>ordinem</strong></span> <span class='ocrx_word' id='word_1_82' title='bbox 332 1788 392 1860; x_wconf 87' lang='lat' dir='ltr'><strong>rei</strong></span> <span class='ocrx_word' id='word_1_83' title='bbox 414 1783 550 1876; x_wconf 86' lang='lat' dir='ltr'><strong>docet,</strong></span> <span class='ocrx_word' id='word_1_84' title='bbox 582 1783 799 1862; x_wconf 74' lang='lat' dir='ltr'><strong>necessaria.</strong></span> <span class='ocrx_word' id='word_1_85' title='bbox 858 1779 1056 1873; x_wconf 80' lang='lat' dir='ltr'><strong>Affectus,</strong></span> <span class='ocrx_word' id='word_1_86' title='bbox 1084 1799 1196 1860; x_wconf 65' lang='grc' dir='ltr'><strong>ιιῑιεΙ</strong></span> 
     </span>
    </p>
   </div>
   <div class='ocr_carea' id='block_1_3' title="bbox 124 2019 1210 3528">
    <p class='ocr_par' dir='ltr' id='par_1_5' title="bbox 124 2019 1131 2430">
     <span class='ocr_line' id='line_1_14' title="bbox 191 2019 1129 2078; baseline 0.003 -3"><span class='ocrx_word' id='word_1_87' title='bbox 191 2019 358 2077; x_wconf 69' lang='lat' dir='ltr'><strong>cattinaria.</strong></span> <span class='ocrx_word' id='word_1_88' title='bbox 402 2021 496 2078; x_wconf 83' lang='lat' dir='ltr'><strong>Guelf.</strong></span> <span class='ocrx_word' id='word_1_89' title='bbox 520 2037 549 2078; x_wconf 87' lang='lat' dir='ltr'><strong>et</strong></span> <span class='ocrx_word' id='word_1_90' title='bbox 572 2021 668 2078; x_wconf 82' lang='lat' dir='ltr'><strong>Turio.</strong></span> <span class='ocrx_word' id='word_1_91' title='bbox 695 2023 828 2078; x_wconf 73' lang='lat' dir='ltr'><strong>Catilinae</strong></span> <span class='ocrx_word' id='word_1_92' title='bbox 854 2039 920 2075; x_wconf 85' lang='lat' dir='ltr'><strong>cum</strong></span> <span class='ocrx_word' id='word_1_93' title='bbox 944 2020 1019 2078; x_wconf 78' lang='lat' dir='ltr'><strong>Alm.</strong></span> <span class='ocrx_word' id='word_1_94' title='bbox 1041 2021 1129 2078; x_wconf 80' lang='lat' dir='ltr'><strong>Goth.</strong></span> 
     </span>
     <span class='ocr_line' id='line_1_15' title="bbox 124 2101 1131 2178; baseline 0 -18"><span class='ocrx_word' id='word_1_95' title='bbox 124 2101 201 2160; x_wconf 79' lang='lat' dir='ltr'><strong>vot.</strong></span> <span class='ocrx_word' id='word_1_96' title='bbox 218 2117 246 2157; x_wconf 63' lang='grc' dir='ltr'><strong>Β.</strong></span> <span class='ocrx_word' id='word_1_97' title='bbox 268 2119 296 2157; x_wconf 88' lang='lat' dir='ltr'><strong>et</strong></span> <span class='ocrx_word' id='word_1_98' title='bbox 312 2105 374 2159; x_wconf 85' lang='lat' dir='ltr'><strong>edd.</strong></span> <span class='ocrx_word' id='word_1_99' title='bbox 395 2121 456 2160; x_wconf 75' lang='lat' dir='ltr'><strong>cute</strong></span> <span class='ocrx_word' id='word_1_100' title='bbox 471 2107 590 2160; x_wconf 73' lang='lat' dir='ltr'><strong>Badium</strong></span> <span class='ocrx_word' id='word_1_101' title='bbox 612 2106 682 2158; x_wconf 77' lang='lat' dir='ltr'><strong>meir</strong></span> <span class='ocrx_word' id='word_1_102' title='bbox 699 2105 830 2158; x_wconf 68' lang='lat' dir='ltr'><strong>omnibus</strong></span> <span class='ocrx_word' id='word_1_103' title='bbox 849 2120 959 2178; x_wconf 79' lang='lat' dir='ltr'><strong>praeter</strong></span> <span class='ocrx_word' id='word_1_104' title='bbox 973 2105 1036 2160; x_wconf 79' lang='lat' dir='ltr'><strong>Ald.</strong></span> <span class='ocrx_word' id='word_1_105' title='bbox 1079 2109 1131 2160; x_wconf 81' lang='lat' dir='ltr'><strong>Be·</strong></span> 
     </span>
     <span class='ocr_line' id='line_1_16' title="bbox 125 2185 1129 2262; baseline 0.005 -24"><span class='ocrx_word' id='word_1_106' title='bbox 125 2185 189 2240; x_wconf 78' lang='lat' dir='ltr'><strong>dius</strong></span> <span class='ocrx_word' id='word_1_107' title='bbox 210 2205 225 2242; x_wconf 86' lang='lat' dir='ltr'><strong>e</strong></span> <span class='ocrx_word' id='word_1_108' title='bbox 247 2189 405 2258; x_wconf 72' lang='lat' dir='ltr'><strong>conjectura</strong></span> <span class='ocrx_word' id='word_1_109' title='bbox 427 2188 541 2244; x_wconf 85' lang='lat' dir='ltr'><strong>videtur</strong></span> <span class='ocrx_word' id='word_1_110' title='bbox 556 2189 621 2242; x_wconf 80' lang='lat' dir='ltr'><strong>dare</strong></span> <span class='ocrx_word' id='word_1_111' title='bbox 643 2190 717 2243; x_wconf 80' lang='lat' dir='ltr'><strong>sumn</strong></span> <span class='ocrx_word' id='word_1_112' title='bbox 731 2187 895 2248; x_wconf 82' lang='lat' dir='ltr'><strong>lectionem.</strong></span> <span class='ocrx_word' id='word_1_113' title='bbox 915 2189 1048 2262; x_wconf 78' lang='lat' dir='ltr'><strong>quoniam</strong></span> <span class='ocrx_word' id='word_1_114' title='bbox 1064 2188 1129 2247; x_wconf 77' lang='lat' dir='ltr'><strong>Val-</strong></span> 
     </span>
     <span class='ocr_line' id='line_1_17' title="bbox 125 2267 1126 2348; baseline 0.004 -25"><span class='ocrx_word' id='word_1_115' title='bbox 125 2267 203 2323; x_wconf 81' lang='lat' dir='ltr'><strong>lensu</strong></span> <span class='ocrx_word' id='word_1_116' title='bbox 219 2269 288 2325; x_wconf 76' lang='lat' dir='ltr'><strong>cod.</strong></span> <span class='ocrx_word' id='word_1_117' title='bbox 303 2271 467 2326; x_wconf 68' lang='lat' dir='ltr'><strong>autoritate</strong></span> <span class='ocrx_word' id='word_1_118' title='bbox 482 2291 542 2328; x_wconf 85' lang='lat' dir='ltr'><strong>uon</strong></span> <span class='ocrx_word' id='word_1_119' title='bbox 557 2273 649 2326; x_wconf 89' lang='lat' dir='ltr'><strong>utitur</strong></span> <span class='ocrx_word' id='word_1_120' title='bbox 664 2272 695 2324; x_wconf 86' lang='lat' dir='ltr'><strong>iu</strong></span> <span class='ocrx_word' id='word_1_121' title='bbox 712 2286 787 2326; x_wconf 77' lang='lat' dir='ltr'><strong>noto.</strong></span> <span class='ocrx_word' id='word_1_122' title='bbox 827 2270 881 2326; x_wconf 85' lang='lat' dir='ltr'><strong>Sed</strong></span> <span class='ocrx_word' id='word_1_123' title='bbox 895 2272 999 2326; x_wconf 76' lang='lat' dir='ltr'><strong>aceedit</strong></span> <span class='ocrx_word' id='word_1_124' title='bbox 1013 2271 1047 2326; x_wconf 73' lang='lat' dir='ltr'><strong>ad</strong></span> <span class='ocrx_word' id='word_1_125' title='bbox 1061 2291 1126 2348; x_wconf 75' lang='lat' dir='ltr'><strong>pro-</strong></span> 
     </span>
     <span class='ocr_line' id='line_1_18' title="bbox 124 2352 883 2430; baseline -0.003 -20"><span class='ocrx_word' id='word_1_126' title='bbox 124 2352 189 2410; x_wconf 77' lang='lat' dir='ltr'><strong>bem</strong></span> <span class='ocrx_word' id='word_1_127' title='bbox 210 2355 372 2430; x_wconf 74' lang='lat' dir='ltr'><strong>scripturam</strong></span> <span class='ocrx_word' id='word_1_128' title='bbox 390 2355 465 2414; x_wconf 85' lang='lat' dir='ltr'><strong>Voss&#39;.</strong></span> <span class='ocrx_word' id='word_1_129' title='bbox 483 2371 511 2423; x_wconf 77' lang='lat'><strong>3.</strong></span> <span class='ocrx_word' id='word_1_130' title='bbox 533 2355 704 2430; x_wconf 75' lang='lat' dir='ltr'><strong>praeferenet</strong></span> <span class='ocrx_word' id='word_1_131' title='bbox 729 2355 883 2412; x_wconf 63' lang='lat' dir='ltr'><strong>Catilinam.</strong></span> 
     </span>
    </p>

    <p class='ocr_par' dir='ltr' id='par_1_6' title="bbox 124 2435 1124 2596">
     <span class='ocr_line' id='line_1_19' title="bbox 189 2435 1124 2501; baseline 0.004 -9"><span class='ocrx_word' id='word_1_132' title='bbox 189 2453 300 2494; x_wconf 74' lang='lat' dir='ltr'><strong>utemur·</strong></span> <span class='ocrx_word' id='word_1_133' title='bbox 345 2437 439 2493; x_wconf 79' lang='lat' dir='ltr'><strong>Guelf.</strong></span> <span class='ocrx_word' id='word_1_134' title='bbox 454 2451 482 2492; x_wconf 87' lang='lat' dir='ltr'><strong>et</strong></span> <span class='ocrx_word' id='word_1_135' title='bbox 497 2435 593 2493; x_wconf 82' lang='lat' dir='ltr'><strong>Turio.</strong></span> <span class='ocrx_word' id='word_1_136' title='bbox 610 2443 708 2494; x_wconf 77' lang='lat' dir='ltr'><strong>utimur</strong></span> <span class='ocrx_word' id='word_1_137' title='bbox 721 2457 785 2496; x_wconf 81' lang='lat' dir='ltr'><strong>oum</strong></span> <span class='ocrx_word' id='word_1_138' title='bbox 792 2438 867 2496; x_wconf 77' lang='lat' dir='ltr'><strong>Alm.</strong></span> <span class='ocrx_word' id='word_1_139' title='bbox 890 2441 1124 2501; x_wconf 64' lang='lat' dir='ltr'><strong>contravenit.</strong></span> 
     </span>
     <span class='ocr_line' id='line_1_20' title="bbox 124 2520 701 2596; baseline -0.005 -17"><span class='ocrx_word' id='word_1_140' title='bbox 124 2520 210 2578; x_wconf 82' lang='lat' dir='ltr'><strong>Goth.</strong></span> <span class='ocrx_word' id='word_1_141' title='bbox 232 2541 302 2576; x_wconf 83' lang='lat' dir='ltr'><strong>mox</strong></span> <span class='ocrx_word' id='word_1_142' title='bbox 323 2522 448 2578; x_wconf 78' lang='lat' dir='ltr'><strong>debemus</strong></span> <span class='ocrx_word' id='word_1_143' title='bbox 469 2541 521 2596; x_wconf 84' lang='lat' dir='ltr'><strong>pro</strong></span> <span class='ocrx_word' id='word_1_144' title='bbox 543 2524 701 2578; x_wconf 78' lang='lat' dir='ltr'><strong>debebimus.</strong></span> 
     </span>
    </p>

    <p class='ocr_par' dir='ltr' id='par_1_7' title="bbox 188 2606 1104 2684">
     <span class='ocr_line' id='line_1_21' title="bbox 188 2606 1104 2684; baseline 0.003 -24"><span class='ocrx_word' id='word_1_145' title='bbox 188 2627 321 2682; x_wconf 82' lang='lat' dir='ltr'><strong>uunquam</strong></span> <span class='ocrx_word' id='word_1_146' title='bbox 334 2609 409 2680; x_wconf 59' lang='lat' dir='ltr'><strong>mg.</strong></span> <span class='ocrx_word' id='word_1_147' title='bbox 437 2608 532 2662; x_wconf 85' lang='lat' dir='ltr'><strong>Turio.</strong></span> <span class='ocrx_word' id='word_1_148' title='bbox 546 2627 610 2662; x_wconf 87' lang='lat' dir='ltr'><strong>cum</strong></span> <span class='ocrx_word' id='word_1_149' title='bbox 627 2606 701 2662; x_wconf 82' lang='lat' dir='ltr'><strong>Alm.</strong></span> <span class='ocrx_word' id='word_1_150' title='bbox 724 2608 860 2684; x_wconf 77' lang='lat' dir='ltr'><strong>Numquid</strong></span> <span class='ocrx_word' id='word_1_151' title='bbox 875 2630 898 2664; x_wconf 86' lang='lat' dir='ltr'><strong>e.</strong></span> <span class='ocrx_word' id='word_1_152' title='bbox 921 2609 955 2664; x_wconf 78' lang='lat' dir='ltr'><strong>cf.</strong></span> <span class='ocrx_word' id='word_1_153' title='bbox 975 2629 1001 2672; x_wconf 82' lang='grc' dir='ltr'><strong>ι.</strong></span> <span class='ocrx_word' id='word_1_154' title='bbox 1026 2627 1052 2670; x_wconf 83' lang='grc' dir='ltr'><strong>ι,</strong></span> <span class='ocrx_word' id='word_1_155' title='bbox 1074 2619 1104 2676; x_wconf 82' lang='lat'><strong>5.</strong></span> 
     </span>
    </p>

    <p class='ocr_par' dir='ltr' id='par_1_8' title="bbox 125 2690 1210 3528">
     <span class='ocr_line' id='line_1_22' title="bbox 187 2690 1124 2768; baseline 0.004 -24"><span class='ocrx_word' id='word_1_156' title='bbox 187 2690 278 2768; x_wconf 77' lang='lat' dir='ltr'><strong>neceff.</strong></span> <span class='ocrx_word' id='word_1_157' title='bbox 309 2691 408 2766; x_wconf 76' lang='lat' dir='ltr'><strong>Affecr.</strong></span> <span class='ocrx_word' id='word_1_158' title='bbox 429 2721 470 2734; x_wconf 87' lang='lat'><strong>-·</strong></span> <span class='ocrx_word' id='word_1_159' title='bbox 492 2711 560 2766; x_wconf 81' lang='lat' dir='ltr'><strong>quae</strong></span> <span class='ocrx_word' id='word_1_160' title='bbox 582 2721 621 2734; x_wconf 89' lang='lat'><em>-</em></span> <span class='ocrx_word' id='word_1_161' title='bbox 643 2691 772 2767; x_wconf 68' lang='lat' dir='ltr'><strong>postulor.</strong></span> <span class='ocrx_word' id='word_1_162' title='bbox 816 2694 862 2750; x_wconf 87' lang='lat' dir='ltr'><strong>Sic</strong></span> <span class='ocrx_word' id='word_1_163' title='bbox 874 2693 965 2757; x_wconf 70' lang='lat' dir='ltr'><strong>clm„</strong></span> <span class='ocrx_word' id='word_1_164' title='bbox 985 2712 1049 2748; x_wconf 88' lang='lat' dir='ltr'><strong>cum</strong></span> <span class='ocrx_word' id='word_1_165' title='bbox 1066 2711 1124 2767; x_wconf 86' lang='lat' dir='ltr'><strong>quo</strong></span> 
     </span>
     <span class='ocr_line' id='line_1_23' title="bbox 125 2774 1122 2858; baseline 0.002 -28"><span class='ocrx_word' id='word_1_166' title='bbox 125 2775 277 2840; x_wconf 78' lang='lat' dir='ltr'><strong>Turioenfie</strong></span> <span class='ocrx_word' id='word_1_167' title='bbox 295 2775 383 2829; x_wconf 80' lang='lat' dir='ltr'><strong>faeere</strong></span> <span class='ocrx_word' id='word_1_168' title='bbox 398 2775 479 2850; x_wconf 79' lang='lat' dir='ltr'><strong>piene</strong></span> <span class='ocrx_word' id='word_1_169' title='bbox 493 2776 529 2830; x_wconf 81' lang='lat' dir='ltr'><strong>est</strong></span> <span class='ocrx_word' id='word_1_170' title='bbox 543 2774 692 2849; x_wconf 71' lang='lat' dir='ltr'><strong>putandus,</strong></span> <span class='ocrx_word' id='word_1_171' title='bbox 714 2775 743 2830; x_wconf 86' lang='lat' dir='ltr'><strong>in</strong></span> <span class='ocrx_word' id='word_1_172' title='bbox 758 2775 865 2831; x_wconf 84' lang='lat' dir='ltr'><strong>filentio</strong></span> <span class='ocrx_word' id='word_1_173' title='bbox 879 2777 922 2834; x_wconf 70' lang='lat' dir='ltr'><strong>cl&#39;.</strong></span> <span class='ocrx_word' id='word_1_174' title='bbox 939 2778 1122 2858; x_wconf 79' lang='lat' dir='ltr'><strong>Sulzbergeri.</strong></span> 
     </span>
     <span class='ocr_line' id='line_1_24' title="bbox 125 2858 1124 2936; baseline 0.003 -24"><span class='ocrx_word' id='word_1_175' title='bbox 125 2858 169 2913; x_wconf 80' lang='lat' dir='ltr'><strong>nb</strong></span> <span class='ocrx_word' id='word_1_176' title='bbox 184 2859 326 2914; x_wconf 84' lang='lat' dir='ltr'><strong>Obrechto</strong></span> <span class='ocrx_word' id='word_1_177' title='bbox 340 2860 407 2912; x_wconf 85' lang='lat' dir='ltr'><strong>iude</strong></span> <span class='ocrx_word' id='word_1_178' title='bbox 421 2859 495 2920; x_wconf 86' lang='lat' dir='ltr'><strong>enirn</strong></span> <span class='ocrx_word' id='word_1_179' title='bbox 519 2859 685 2914; x_wconf 81' lang='lat' dir='ltr'><strong>veriffiroem</strong></span> <span class='ocrx_word' id='word_1_180' title='bbox 701 2859 770 2912; x_wconf 78' lang='lat' dir='ltr'><strong>bene</strong></span> <span class='ocrx_word' id='word_1_181' title='bbox 786 2861 947 2936; x_wconf 78' lang='lat' dir='ltr'><strong>scriptruam</strong></span> <span class='ocrx_word' id='word_1_182' title='bbox 965 2863 1124 2935; x_wconf 79' lang='lat' dir='ltr'><strong>praeferunt</strong></span> 
     </span>
     <span class='ocr_line' id='line_1_25' title="bbox 126 2941 1210 3023; baseline -0.007 -16"><span class='ocrx_word' id='word_1_183' title='bbox 126 2943 208 3010; x_wconf 85' lang='lat' dir='ltr'><strong>editi,</strong></span> <span class='ocrx_word' id='word_1_184' title='bbox 229 2958 338 3022; x_wconf 81' lang='lat' dir='ltr'><strong>praeter</strong></span> <span class='ocrx_word' id='word_1_185' title='bbox 358 2941 515 3000; x_wconf 84' lang='lat' dir='ltr'><strong>Rollinum.</strong></span> <span class='ocrx_word' id='word_1_186' title='bbox 557 2947 653 3015; x_wconf 83' lang='lat' dir='ltr'><strong>ltaque</strong></span> <span class='ocrx_word' id='word_1_187' title='bbox 669 2960 697 2996; x_wconf 87' lang='lat' dir='ltr'><strong>et</strong></span> <span class='ocrx_word' id='word_1_188' title='bbox 717 2943 751 2996; x_wconf 80' lang='lat' dir='ltr'><strong>ob</strong></span> <span class='ocrx_word' id='word_1_189' title='bbox 768 2948 882 3023; x_wconf 76' lang='lat' dir='ltr'><strong>Argent.</strong></span> <span class='ocrx_word' id='word_1_190' title='bbox 906 2947 1009 3002; x_wconf 81' lang='lat' dir='ltr'><strong>Codice</strong></span> <span class='ocrx_word' id='word_1_191' title='bbox 1028 2945 1125 3000; x_wconf 79' lang='lat' dir='ltr'><strong>lectio·</strong></span> <span class='ocrx_word' id='word_1_192' title='bbox 1206 2992 1210 3002; x_wconf 81' lang='grc'>,</span> 
     </span>
     <span class='ocr_line' id='line_1_26' title="bbox 125 3025 1123 3090; baseline -0.005 -3"><span class='ocrx_word' id='word_1_193' title='bbox 125 3055 188 3090; x_wconf 85' lang='lat' dir='ltr'><strong>nem</strong></span> <span class='ocrx_word' id='word_1_194' title='bbox 216 3028 333 3085; x_wconf 75' lang='lat' dir='ltr'><strong>nostram</strong></span> <span class='ocrx_word' id='word_1_195' title='bbox 355 3027 466 3084; x_wconf 83' lang='lat' dir='ltr'><strong>defendi</strong></span> <span class='ocrx_word' id='word_1_196' title='bbox 495 3027 630 3084; x_wconf 84' lang='lat' dir='ltr'><strong>existimo.</strong></span> <span class='ocrx_word' id='word_1_197' title='bbox 695 3025 847 3082; x_wconf 84' lang='lat' dir='ltr'><strong>Minimum</strong></span> <span class='ocrx_word' id='word_1_198' title='bbox 871 3029 1005 3084; x_wconf 82' lang='lat' dir='ltr'><strong>recedunt</strong></span> <span class='ocrx_word' id='word_1_199' title='bbox 1028 3027 1123 3084; x_wconf 80' lang='lat' dir='ltr'><strong>Gueif.</strong></span> 
     </span>
     <span class='ocr_line' id='line_1_27' title="bbox 125 3109 1124 3186; baseline -0.002 -16"><span class='ocrx_word' id='word_1_200' title='bbox 125 3120 200 3179; x_wconf 78' lang='lat' dir='ltr'><strong>vois.</strong></span> <span class='ocrx_word' id='word_1_201' title='bbox 221 3137 245 3170; x_wconf 85' lang='grc' dir='ltr'><strong>ι.</strong></span> <span class='ocrx_word' id='word_1_202' title='bbox 261 3129 288 3181; x_wconf 84' lang='lat'><strong>3.</strong></span> <span class='ocrx_word' id='word_1_203' title='bbox 313 3115 413 3174; x_wconf 66' lang='lat' dir='ltr'><strong>Rern„</strong></span> <span class='ocrx_word' id='word_1_204' title='bbox 441 3111 515 3165; x_wconf 83' lang='lat' dir='ltr'><strong>nihil</strong></span> <span class='ocrx_word' id='word_1_205' title='bbox 537 3131 571 3166; x_wconf 84' lang='lat' dir='ltr'><strong>ex</strong></span> <span class='ocrx_word' id='word_1_206' title='bbox 594 3112 672 3166; x_wconf 89' lang='lat' dir='ltr'><strong>omni</strong></span> <span class='ocrx_word' id='word_1_207' title='bbox 696 3109 747 3164; x_wconf 77' lang='lat' dir='ltr'><strong>bac</strong></span> <span class='ocrx_word' id='word_1_208' title='bbox 764 3113 895 3186; x_wconf 75' lang='lat' dir='ltr'><strong>scripturo</strong></span> <span class='ocrx_word' id='word_1_209' title='bbox 912 3127 1050 3168; x_wconf 71' lang='lat' dir='ltr'><strong>mutante·</strong></span> <span class='ocrx_word' id='word_1_210' title='bbox 1073 3114 1124 3168; x_wconf 81' lang='lat' dir='ltr'><strong>niu</strong></span> 
     </span>
     <span class='ocr_line' id='line_1_28' title="bbox 127 3193 1121 3278; baseline -0.007 -20"><span class='ocrx_word' id='word_1_211' title='bbox 127 3203 202 3278; x_wconf 86' lang='lat' dir='ltr'><strong>quod</strong></span> <span class='ocrx_word' id='word_1_212' title='bbox 228 3198 390 3275; x_wconf 71' lang='lat' dir='ltr'><strong>postulando</strong></span> <span class='ocrx_word' id='word_1_213' title='bbox 420 3197 487 3252; x_wconf 78' lang='lat' dir='ltr'><strong>dant</strong></span> <span class='ocrx_word' id='word_1_214' title='bbox 507 3214 559 3272; x_wconf 83' lang='lat' dir='ltr'><strong>pro</strong></span> <span class='ocrx_word' id='word_1_215' title='bbox 582 3193 724 3272; x_wconf 72' lang='lat' dir='ltr'><strong>postulau-</strong></span> <span class='ocrx_word' id='word_1_216' title='bbox 776 3197 848 3250; x_wconf 85' lang='lat' dir='ltr'><strong>Edd.</strong></span> <span class='ocrx_word' id='word_1_217' title='bbox 872 3215 947 3250; x_wconf 81' lang='lat' dir='ltr'><strong>mete</strong></span> <span class='ocrx_word' id='word_1_218' title='bbox 972 3212 1034 3251; x_wconf 79' lang='lat' dir='ltr'><strong>rute</strong></span> <span class='ocrx_word' id='word_1_219' title='bbox 1058 3195 1121 3252; x_wconf 79' lang='lat' dir='ltr'><strong>Ald.</strong></span> 
     </span>
     <span class='ocr_line' id='line_1_29' title="bbox 131 3279 1119 3360; baseline -0.006 -18"><span class='ocrx_word' id='word_1_220' title='bbox 131 3305 235 3344; x_wconf 80' lang='lat' dir='ltr'><strong>omnes:</strong></span> <span class='ocrx_word' id='word_1_221' title='bbox 257 3279 349 3360; x_wconf 80' lang='lat' dir='ltr'><strong>ueceff.</strong></span> <span class='ocrx_word' id='word_1_222' title='bbox 365 3281 403 3335; x_wconf 79' lang='lat' dir='ltr'><strong>cul</strong></span> <span class='ocrx_word' id='word_1_223' title='bbox 424 3288 437 3351; x_wconf 86' lang='lat'>(</span> <span class='ocrx_word' id='word_1_224' title='bbox 445 3299 502 3335; x_wconf 90' lang='lat' dir='ltr'><strong>non</strong></span> <span class='ocrx_word' id='word_1_225' title='bbox 515 3283 587 3340; x_wconf 81' lang='lat' dir='ltr'><strong>Jeus.</strong></span> <span class='ocrx_word' id='word_1_226' title='bbox 613 3282 667 3341; x_wconf 74' lang='lat' dir='ltr'><strong>Ar,</strong></span> <span class='ocrx_word' id='word_1_227' title='bbox 688 3295 721 3336; x_wconf 84' lang='lat' dir='ltr'><strong>ut</strong></span> <span class='ocrx_word' id='word_1_228' title='bbox 733 3295 827 3336; x_wconf 72' lang='lat' dir='ltr'><strong>narrat</strong></span> <span class='ocrx_word' id='word_1_229' title='bbox 842 3282 945 3348; x_wconf 79' lang='lat' dir='ltr'><strong>Gein.)</strong></span> <span class='ocrx_word' id='word_1_230' title='bbox 967 3281 1059 3358; x_wconf 77' lang='lat' dir='ltr'><strong>offert.</strong></span> <span class='ocrx_word' id='word_1_231' title='bbox 1085 3309 1119 3326; x_wconf 91' lang='lat'>-</span> 
     </span>
     <span class='ocr_line' id='line_1_30' title="bbox 131 3365 1125 3448; baseline -0.004 -24"><span class='ocrx_word' id='word_1_232' title='bbox 131 3369 287 3448; x_wconf 75' lang='lat' dir='ltr'><strong>posruiabit.</strong></span> <span class='ocrx_word' id='word_1_233' title='bbox 323 3365 492 3438; x_wconf 70' lang='lat' dir='ltr'><strong>quibuscum</strong></span> <span class='ocrx_word' id='word_1_234' title='bbox 520 3365 694 3420; x_wconf 78' lang='lat' dir='ltr'><strong>consentiunt</strong></span> <span class='ocrx_word' id='word_1_235' title='bbox 717 3365 804 3422; x_wconf 81' lang='lat' dir='ltr'><strong>Goth.</strong></span> <span class='ocrx_word' id='word_1_236' title='bbox 831 3366 955 3424; x_wconf 74' lang='lat' dir='ltr'><strong>et‘Vois.</strong></span> <span class='ocrx_word' id='word_1_237' title='bbox 981 3379 1009 3419; x_wconf 88' lang='lat'><strong>2.</strong></span> <span class='ocrx_word' id='word_1_238' title='bbox 1041 3366 1125 3420; x_wconf 78' lang='lat' dir='ltr'><strong>omit·</strong></span> 
     </span>
     <span class='ocr_line' id='line_1_31' title="bbox 132 3447 1126 3528; baseline -0.004 -18"><span class='ocrx_word' id='word_1_239' title='bbox 132 3471 215 3510; x_wconf 82' lang='lat' dir='ltr'><strong>teutes</strong></span> <span class='ocrx_word' id='word_1_240' title='bbox 236 3467 322 3506; x_wconf 81' lang='lat' dir='ltr'><strong>temen</strong></span> <span class='ocrx_word' id='word_1_241' title='bbox 348 3452 394 3504; x_wconf 70' lang='lat' dir='ltr'><strong>orl.</strong></span> <span class='ocrx_word' id='word_1_242' title='bbox 444 3449 487 3506; x_wconf 72' lang='lat' dir='ltr'><strong>Ab</strong></span> <span class='ocrx_word' id='word_1_243' title='bbox 508 3449 582 3506; x_wconf 81' lang='lat' dir='ltr'><strong>Aldo</strong></span> <span class='ocrx_word' id='word_1_244' title='bbox 603 3449 637 3504; x_wconf 75' lang='lat' dir='ltr'><strong>ed</strong></span> <span class='ocrx_word' id='word_1_245' title='bbox 658 3450 736 3506; x_wconf 79' lang='lat' dir='ltr'><strong>Befil.</strong></span> <span class='ocrx_word' id='word_1_246' title='bbox 762 3467 865 3524; x_wconf 73' lang='lat' dir='ltr'><strong>nequet</strong></span> <span class='ocrx_word' id='word_1_247' title='bbox 896 3447 991 3528; x_wconf 58' lang='lat' dir='ltr'><strong>neeeffss</strong></span> <span class='ocrx_word' id='word_1_248' title='bbox 1006 3465 1033 3504; x_wconf 84' lang='lat' dir='ltr'><strong>et</strong></span> <span class='ocrx_word' id='word_1_249' title='bbox 1054 3447 1126 3520; x_wconf 79' lang='lat' dir='ltr'><strong>(vei</strong></span> 
     </span>
    </p>
   </div>
   <div class='ocr_carea' id='block_1_4' title="bbox 46 3515 1124 3614">
    <p class='ocr_par' dir='ltr' id='par_1_9' title="bbox 46 3515 1124 3614">
     <span class='ocr_line' id='line_1_32' title="bbox 46 3515 1124 3614; baseline -0.006 -18"><span class='ocrx_word' id='word_1_250' title='bbox 46 3515 57 3536; x_wconf 27' lang='grc' dir='ltr'>κ</span> <span class='ocrx_word' id='word_1_251' title='bbox 133 3541 187 3614; x_wconf 75' lang='lat' dir='ltr'><strong>Et)</strong></span> <span class='ocrx_word' id='word_1_252' title='bbox 207 3539 255 3614; x_wconf 77' lang='lat' dir='ltr'><strong>aff.</strong></span> <span class='ocrx_word' id='word_1_253' title='bbox 274 3565 314 3578; x_wconf 90' lang='lat'><strong>·-</strong></span> <span class='ocrx_word' id='word_1_254' title='bbox 336 3555 454 3610; x_wconf 81' lang='lat' dir='ltr'><strong>quaeque</strong></span> <span class='ocrx_word' id='word_1_255' title='bbox 477 3563 518 3579; x_wconf 90' lang='lat'><em>-</em></span> <span class='ocrx_word' id='word_1_256' title='bbox 538 3533 701 3612; x_wconf 71' lang='lat' dir='ltr'><strong>postulabit-¹</strong></span> <span class='ocrx_word' id='word_1_257' title='bbox 735 3533 911 3590; x_wconf 80' lang='lat' dir='ltr'><strong>Basrl..redit</strong></span> <span class='ocrx_word' id='word_1_258' title='bbox 925 3534 959 3588; x_wconf 78' lang='lat' dir='ltr'><strong>ad</strong></span> <span class='ocrx_word' id='word_1_259' title='bbox 974 3549 1044 3590; x_wconf 83' lang='lat' dir='ltr'><strong>vett.</strong></span> <span class='ocrx_word' id='word_1_260' title='bbox 1062 3534 1124 3590; x_wconf 89' lang='lat' dir='ltr'><strong>edd.</strong></span> 
     </span>
    </p>
   </div>
   <div class='ocr_carea' id='block_1_5' title="bbox 134 3731 1231 4232">
    <p class='ocr_par' dir='ltr' id='par_1_10' title="bbox 134 3731 1127 3809">
     <span class='ocr_line' id='line_1_33' title="bbox 134 3731 1127 3809; baseline -0.005 -15"><span class='ocrx_word' id='word_1_261' title='bbox 134 3740 244 3794; x_wconf 80' lang='lat' dir='ltr'><strong>ltocnu</strong></span> <span class='ocrx_word' id='word_1_262' title='bbox 266 3734 355 3792; x_wconf 72' lang='lat' dir='ltr'><strong>saltem</strong></span> <span class='ocrx_word' id='word_1_263' title='bbox 373 3731 456 3790; x_wconf 78' lang='lat' dir='ltr'><strong>hebet</strong></span> <span class='ocrx_word' id='word_1_264' title='bbox 477 3733 605 3809; x_wconf 74' lang='lat' dir='ltr'><strong>proiecto</strong></span> <span class='ocrx_word' id='word_1_265' title='bbox 647 3742 749 3795; x_wconf 59' lang='lat' dir='ltr'><strong>tsro,</strong></span> <span class='ocrx_word' id='word_1_266' title='bbox 773 3747 801 3788; x_wconf 88' lang='lat'><strong>2.</strong></span> <span class='ocrx_word' id='word_1_267' title='bbox 836 3743 885 3795; x_wconf 76' lang='lat' dir='ltr'><strong>tr,</strong></span> <span class='ocrx_word' id='word_1_268' title='bbox 907 3747 936 3802; x_wconf 74' lang='lat'><strong>5.</strong></span> <span class='ocrx_word' id='word_1_269' title='bbox 963 3732 1020 3802; x_wconf 71' lang='lat'><strong>256</strong></span> <span class='ocrx_word' id='word_1_270' title='bbox 1041 3733 1127 3795; x_wconf 67' lang='lat' dir='ltr'><strong>..duro</strong></span> 
     </span>
    </p>

    <p class='ocr_par' dir='ltr' id='par_1_11' title="bbox 136 3817 1231 3896">
     <span class='ocr_line' id='line_1_34' title="bbox 136 3817 1231 3896; baseline -0.005 -20"><span class='ocrx_word' id='word_1_271' title='bbox 136 3821 372 3896; x_wconf 70' lang='lat' dir='ltr'><strong>reprehendentem.</strong></span> <span class='ocrx_word' id='word_1_272' title='bbox 395 3822 448 3872; x_wconf 87' lang='lat' dir='ltr'><strong>Pro</strong></span> <span class='ocrx_word' id='word_1_273' title='bbox 464 3817 539 3894; x_wconf 77' lang='lat' dir='ltr'><strong>orsdr</strong></span> <span class='ocrx_word' id='word_1_274' title='bbox 550 3837 606 3872; x_wconf 78' lang='lat' dir='ltr'><strong>mt-</strong></span> <span class='ocrx_word' id='word_1_275' title='bbox 646 3834 748 3880; x_wconf 75' lang='lat' dir='ltr'><strong>..texor</strong></span> <span class='ocrx_word' id='word_1_276' title='bbox 773 3819 805 3872; x_wconf 86' lang='lat' dir='ltr'><strong>iu</strong></span> <span class='ocrx_word' id='word_1_277' title='bbox 829 3817 970 3890; x_wconf 65' lang='lat' dir='ltr'><strong>judiciiu·</strong></span> <span class='ocrx_word' id='word_1_278' title='bbox 1004 3819 1073 3874; x_wconf 82' lang='lat' dir='ltr'><strong>item</strong></span> <span class='ocrx_word' id='word_1_279' title='bbox 1098 3839 1125 3882; x_wconf 79' lang='lat' dir='ltr'><strong>r,</strong></span> <span class='ocrx_word' id='word_1_280' title='bbox 1226 3840 1231 3848; x_wconf 88' lang='lat'><em>·</em></span> 
     </span>
    </p>

    <p class='ocr_par' dir='ltr' id='par_1_12' title="bbox 137 3897 1126 3978">
     <span class='ocr_line' id='line_1_35' title="bbox 137 3897 1126 3978; baseline 0 -21"><span class='ocrx_word' id='word_1_281' title='bbox 137 3903 264 3978; x_wconf 76' lang='lat' dir='ltr'><strong>liepeene</strong></span> <span class='ocrx_word' id='word_1_282' title='bbox 280 3902 354 3978; x_wconf 75' lang='lat' dir='ltr'><strong>usur,</strong></span> <span class='ocrx_word' id='word_1_283' title='bbox 376 3900 421 3956; x_wconf 76' lang='lat' dir='ltr'><strong>sed</strong></span> <span class='ocrx_word' id='word_1_284' title='bbox 441 3897 509 3958; x_wconf 82' lang='lat' dir='ltr'><strong>iibri</strong></span> <span class='ocrx_word' id='word_1_285' title='bbox 533 3901 606 3958; x_wconf 86' lang='lat' dir='ltr'><strong>nibil</strong></span> <span class='ocrx_word' id='word_1_286' title='bbox 647 3913 683 3975; x_wconf 74' lang='lat'><strong>4,</strong></span> <span class='ocrx_word' id='word_1_287' title='bbox 709 3915 748 3956; x_wconf 72' lang='lat' dir='ltr'><strong>eo</strong></span> <span class='ocrx_word' id='word_1_288' title='bbox 772 3922 857 3978; x_wconf 87' lang='lat' dir='ltr'><strong>quem</strong></span> <span class='ocrx_word' id='word_1_289' title='bbox 870 3902 964 3958; x_wconf 86' lang='lat' dir='ltr'><strong>locum</strong></span> <span class='ocrx_word' id='word_1_290' title='bbox 977 3902 1049 3959; x_wconf 76' lang='lat' dir='ltr'><strong>male</strong></span> <span class='ocrx_word' id='word_1_291' title='bbox 1065 3903 1126 3959; x_wconf 85' lang='lat' dir='ltr'><strong>toli.</strong></span> 
     </span>
    </p>

    <p class='ocr_par' dir='ltr' id='par_1_13' title="bbox 139 3985 1127 4232">
     <span class='ocr_line' id='line_1_36' title="bbox 139 3985 1125 4044; baseline 0 -2"><span class='ocrx_word' id='word_1_292' title='bbox 139 3987 250 4042; x_wconf 77' lang='lat' dir='ltr'><strong>varient.</strong></span> <span class='ocrx_word' id='word_1_293' title='bbox 648 3985 734 4042; x_wconf 77' lang='lat' dir='ltr'><strong>citavi</strong></span> <span class='ocrx_word' id='word_1_294' title='bbox 748 3987 778 4042; x_wconf 86' lang='lat' dir='ltr'><strong>in</strong></span> <span class='ocrx_word' id='word_1_295' title='bbox 795 4003 854 4042; x_wconf 90' lang='lat' dir='ltr'><strong>not.</strong></span> <span class='ocrx_word' id='word_1_296' title='bbox 873 3987 942 4044; x_wconf 83' lang='lat' dir='ltr'><strong>Crit.</strong></span> <span class='ocrx_word' id='word_1_297' title='bbox 964 3987 1125 4043; x_wconf 73' lang='lat' dir='ltr'><strong>ciTursell.</strong></span> 
     </span>
     <span class='ocr_line' id='line_1_37' title="bbox 180 4070 1127 4145; baseline 0.004 -23"><span class='ocrx_word' id='word_1_298' title='bbox 180 4073 213 4139; x_wconf 72' lang='lat' dir='ltr'><strong>ej.</strong></span> <span class='ocrx_word' id='word_1_299' title='bbox 234 4070 362 4124; x_wconf 69' lang='lat' dir='ltr'><strong>deumne</strong></span> <span class='ocrx_word' id='word_1_300' title='bbox 388 4072 436 4124; x_wconf 70' lang='grc' dir='ltr'><strong>νεὶ.</strong></span> <span class='ocrx_word' id='word_1_301' title='bbox 479 4071 608 4132; x_wconf 79' lang='lat' dir='ltr'><strong>„Duma-</strong></span> <span class='ocrx_word' id='word_1_302' title='bbox 647 4081 756 4145; x_wconf 59' lang='lat' dir='ltr'><strong>pm.</strong></span> <span class='ocrx_word' id='word_1_303' title='bbox 787 4074 832 4127; x_wconf 84' lang='lat' dir='ltr'><strong>sic</strong></span> <span class='ocrx_word' id='word_1_304' title='bbox 842 4071 910 4126; x_wconf 79' lang='lat' dir='ltr'><strong>Plio.</strong></span> <span class='ocrx_word' id='word_1_305' title='bbox 919 4073 956 4126; x_wconf 89' lang='lat' dir='ltr'><strong>H.</strong></span> <span class='ocrx_word' id='word_1_306' title='bbox 966 4073 1004 4126; x_wconf 90' lang='lat' dir='ltr'><strong>N.</strong></span> <span class='ocrx_word' id='word_1_307' title='bbox 1024 4087 1073 4142; x_wconf 74' lang='lat'><strong>33.</strong></span> <span class='ocrx_word' id='word_1_308' title='bbox 1097 4087 1127 4140; x_wconf 77' lang='lat'><strong>5.</strong></span> 
     </span>
     <span class='ocr_line' id='line_1_38' title="bbox 144 4151 995 4232; baseline 0.002 -26"><span class='ocrx_word' id='word_1_309' title='bbox 144 4165 223 4214; x_wconf 69' lang='lat' dir='ltr'><strong>„xer”</strong></span> <span class='ocrx_word' id='word_1_310' title='bbox 242 4151 269 4208; x_wconf 83' lang='lat' dir='ltr'><strong>b.</strong></span> <span class='ocrx_word' id='word_1_311' title='bbox 282 4151 300 4208; x_wconf 88' lang='lat' dir='ltr'><strong>l.</strong></span> <span class='ocrx_word' id='word_1_312' title='bbox 320 4152 355 4207; x_wconf 81' lang='lat' dir='ltr'><strong>est</strong></span> <span class='ocrx_word' id='word_1_313' title='bbox 369 4171 421 4227; x_wconf 82' lang='lat' dir='ltr'><strong>pro</strong></span> <span class='ocrx_word' id='word_1_314' title='bbox 438 4151 553 4230; x_wconf 78' lang='lat' dir='ltr'><strong>saitem.</strong></span> <span class='ocrx_word' id='word_1_315' title='bbox 574 4169 607 4210; x_wconf 91' lang='lat' dir='ltr'><strong>ut</strong></span> <span class='ocrx_word' id='word_1_316' title='bbox 648 4154 720 4210; x_wconf 84' lang='lat' dir='ltr'><strong>Plin.</strong></span> <span class='ocrx_word' id='word_1_317' title='bbox 734 4157 819 4232; x_wconf 78' lang='lat' dir='ltr'><strong>Epist.</strong></span> <span class='ocrx_word' id='word_1_318' title='bbox 836 4171 877 4225; x_wconf 73' lang='grc'><strong>5.,</strong></span> <span class='ocrx_word' id='word_1_319' title='bbox 894 4175 923 4232; x_wconf 85' lang='lat'><strong>9,</strong></span> <span class='ocrx_word' id='word_1_320' title='bbox 945 4153 995 4215; x_wconf 81' lang='lat'><strong>26.</strong></span> 
     </span>
    </p>
   </div>
   <div class='ocr_carea' id='block_1_6' title="bbox 0 0 1396 4780">
    <p class='ocr_par' dir='ltr' id='par_1_14' title="bbox 0 0 1396 4780">
     <span class='ocr_line' id='line_1_39' title="bbox 0 0 1396 4780; baseline 0 0"><span class='ocrx_word' id='word_1_321' title='bbox 0 0 1396 4780; x_wconf 95' lang='lat' dir='ltr'><strong> </strong></span> 
     </span>
    </p>
   </div>
  </div>
 </body>
</html>
