2752 4780
271 371 394 444 rnsr.
422 318 632 493 oarronss
657 375 754 462 nra.
775 375 911 462 nno.
1021 395 1089 466 ιιι

90 572 214 636 morte
244 555 448 636 moerebat.
500 557 696 659 quaestio,
750 561 830 640 An·
859 561 953 638 haee
976 561 1092 672 justa

89 667 237 783 conju?
262 675 332 764 ,ita
358 675 536 772 qualitas.
608 679 665 752 Ac
696 675 875 756 fimititer
897 681 942 754 in
966 696 1090 760 trans·
1221 761 1223 764 .

87 788 260 878 latione,
287 781 390 866 Non
408 786 524 870 tabes
541 786 609 886 jus
624 787 847 882 abdicandi,
870 799 1134 904 quioigno·77

87 897 247 1012 miniosa
268 931 343 980 non
359 899 419 1009 est
432 909 551 997 actio:
589 903 729 982 Habeo
747 906 835 1006 jur,
867 916 960 1008 qnia
981 910 1089 988 abdi·
1122 975 1125 988 .
1228 994 1229 998 ,

86 1022 186 1093 catio
208 1024 308 1094 actio
323 1047 397 1095 non
415 1013 484 1124 est.
514 1024 729 1120 quaeritur,
767 1024 876 1135 Quid
886 1021 946 1132 sit
963 1033 1090 1106 acrio?

84 1130 291 1212 finiemus:
333 1135 435 1210 Non
462 1135 548 1210 licet
579 1133 781 1226 abdicare,
823 1135 1085 1240 syllogismus.

81 1252 186 1340 Itern
214 1263 341 1328 cetera
371 1274 445 1350 per
482 1275 620 1326 omnes
650 1267 689 1326 et
716 1253 926 1332 rationales
957 1271 1000 1348 et
1030 1258 1087 1332 le-

3 1363 5 1406 ÷
83 1365 189 1462 gales
219 1362 349 1440 status.
435 1366 523 1446 Neo
556 1367 700 1466 ignoro
732 1363 847 1442 nosse
878 1368 1130 1468 quosdannrn

84 1479 174 1575 qui..
191 1481 487 1560 translationem
512 1482 557 1555 in
579 1482 763 1558 rationali
786 1507 950 1584 quoque
969 1510 1088 1586 gene·

81 1611 341 1692 reponerent
359 1596 440 1688 ltoo
459 1595 603 1683 modo,
632 1595 837 1672 Hominem
862 1601 982 1674 occidi
998 1594 1086 1710 jus·

70 1697 150 1812 sur
172 1703 221 1780 ab
245 1714 487 1806 imperatore.
544 1709 668 1786 Dono
690 1711 824 1808 templi
843 1703 997 1818 cogenti
1023 1731 1086 1814 ty·
1209 1740 1216 1748 ·
1289 1719 1294 1729 '

81 1844 204 1898 tameo
224 1823 323 1897 dedi.
381 1817 573 1932 Deserni,
601 1819 917 1930 tempestatibus,
947 1825 1084 1932 flami·
1214 1919 1218 1934 ι

79 1930 210 2024 nibus,
243 1937 466 2014 oalerudne
487 1940 706 2036 impeditus,
736 1934 876 2029 idest,
905 1969 990 2020 non
1010 1969 1083 2044 per
1143 2011 1147 2021 .
1181 2022 1205 2046 Ι,

76 2073 144 2122 me
161 2047 282 2142 stetit,
311 2051 380 2127 led
403 2055 569 2154 perillo.
626 2063 659 2128 A
675 2055 822 2153 quibus
842 2057 959 2132 etiam
984 2055 1082 2132 libe-

75 2165 163 2240 rius
185 2165 377 2242 dissentio.
449 2169 549 2244 Non
570 2168 680 2242 enim
703 2170 806 2244 actio
835 2169 1080 2264 transfertur,
1089 2198 1129 2259 79

76 2275 146 2368 sed
169 2278 281 2354 causa
300 2278 417 2356 facti:
457 2281 569 2380 quod
591 2280 734 2356 accidit
755 2306 879 2381 paene
899 2286 944 2356 in
969 2292 1082 2362 omni

76 2389 318 2473 defenfione.
398 2395 558 2470 Deinde
577 2398 634 2484 ia,
679 2398 752 2495 qui
776 2396 846 2472 tali
865 2397 994 2476 utitur
1013 2429 1081 2506 paq

76 2511 273 2599 trocinio,
301 2535 387 2592 non
408 2496 557 2616 recedit
577 2536 600 2584 a
619 2507 750 2586 forma
772 2512 981 2612 qualitatis.
1018 2516 1079 2594 di-

135 2756 219 2798 morte
239 2763 321 2801 moer·
364 2739 440 2798 ttm.
461 2755 572 2799 mortem
587 2758 667 2796 moer.
690 2759 754 2796 com
767 2741 844 2802 Voil'.
858 2756 887 2798 ιι.
918 2743 991 2801 Cum
1002 2743 1076 2802 Alnr.

73 2821 103 2878 lr.
118 2823 138 2878 l.
153 2845 210 2880 non
223 2827 359 2903 conspirat
376 2826 472 2882 Turic.
515 2827 597 2884 Certe
611 2823 684 2878 nihil
696 2827 837 2882 varietatis
852 2847 887 2880 ex
902 2845 935 2881 eo
951 2829 1076 2886 affertur.

74 2907 161 2966 Goth.
176 2927 233 2968 orn.
247 2927 350 2973 morte,
372 2910 482 2969 {ortelle
497 2929 534 2965 cx
547 2927 625 2964 mero
641 2927 743 2964 errore.
787 2912 940 2984 Utriusque
960 2913 1077 2970 structu·

70 3009 118 3048 rae
136 3007 191 3048 tam
210 2995 348 3051 manifesta
363 2997 426 3051 sunt
439 2981 583 3069 exempla,
607 2993 703 3047 utrix
718 2993 852 3048 videatur
866 2993 977 3048 decerni
992 2999 1074 3070 polio.

70 3075 142 3150 qnid
157 3077 185 3133 lt.
198 3078 218 3134 l.
233 3083 265 3135 fit
278 3080 437 3159 legendnm.
477 3077 653 3134 Facillimum
669 3076 783 3152 quidem
800 3093 867 3138 erat,
889 3091 921 3130 ut
935 3079 1075 3136 excideret

69 3181 98 3215 m
112 3161 143 3216 in
156 3179 267 3222 mortem
279 3179 343 3220 ente
357 3185 437 3223 moer.
461 3182 530 3238 quae
543 3163 598 3236 ipsa
613 3164 684 3216 ratio
699 3161 736 3215 est
753 3161 809 3216 loci
817 3155 994 3219 Ciceroniani
1000 3163 1073 3220 Phil.

70 3263 106 3320 9.
129 3257 158 3312 5·
187 3263 297 3305 mortem
315 3253 401 3326 nugis
419 3247 469 3304 ubi
491 3247 627 3302 antecedit
648 3245 748 3302 dolet-e.
1027 3253 1030 3258 ·

131 3349 181 3404 per
202 3333 258 3388 illa.
302 3333 395 3392 Gneli.
419 3347 448 3390 et
469 3333 565 3391 Turio.
585 3353 614 3408 p.
638 3327 713 3386 illud
728 3323 792 3386 cnm
805 3325 881 3388 Alm-
900 3327 976 3392 Vols.
993 3349 1019 3386 ι.
1042 3343 1071 3401 3.
1106 3374 1110 3386 .

67 3411 131 3469 edd.
155 3415 239 3472 Tm.
261 3413 326 3474 A'td.

109 3633 195 3674 morte
218 3615 362 3676 moerebat.
400 3615 461 3675 rid.
485 3631 545 3676 not.
589 3630 618 3672 te
639 3613 824 3675 non-vetita,
847 3625 939 3691 tamen
961 3613 1071 3680 iridem.
1103 3633 1110 3658 ι

65 3699 140 3758 Crit.
588 3703 656 3756 ficut
676 3715 780 3758 ceterae
802 3699 939 3762 notiones.
960 3699 1067 3762 illicita.

108 3805 162 3842 non
190 3784 253 3842 licet
281 3816 324 3831 -
354 3783 545 3862 syllogismon
588 3785 623 3851 oi.
643 3783 667 3852 i.
683 3783 733 3840 66.
994 3851 995 3856 Ἰ
1140 3761 1152 3790 ⁶

63 3870 207 3926 Sententia
227 3869 294 3926 haec
326 3871 390 3926 Non
411 3873 473 3926 licet
493 3887 545 3927 cet.
629 3871 693 3924 Non
714 3869 782 3923 eninr
805 3868 876 3922 actio
898 3863 1067 3952 transfertur.

64 3954 101 4010 en
116 3953 170 4008 elia
184 3953 308 4026 ejncdetn
317 3957 407 4010 erutae
420 3957 548 4009 tractatio
588 3951 652 4008 Hoc
664 3951 738 4007 enim
755 3951 790 4004 eli
805 3945 949 4006 vocabulis
962 3951 1067 4008 ludere.

62 4037 96 4092 in
111 4039 222 4092 diverso
236 4039 322 4102 flatu,
344 4037 500 4114 etquidem
516 4039 547 4092 in
587 4037 663 4093 Nam
686 4035 847 4110 transfertur
867 4025 997 4107 quidem,
1021 4035 1067 4091 sed

56 4118 247 4198 syllogismo.
274 4123 407 4197 quoniam
428 4122 565 4176 docetur·
585 4117 692 4196 peccati
712 4119 788 4176 cunta
803 4137 817 4172 ι
833 4134 883 4172 reo
905 4111 1068 4186 (μιτιῖστιι.

61 4205 212 4269 abdicatio.
233 4209 280 4262 etfi
292 4206 324 4262 in
338 4203 450 4288 legibue
463 4205 546 4264 direti
585 4220 625 4262 en
640 4199 665 4272 i·
681 4205 761 4340 ῗόῃ
784 4217 840 4258 non
858 4200 942 4262 aanor

648 4287 674 4343 L
716 4301 734 4340 n
