2794 4794
282 441 387 492 Ιιιο
550 417 606 488 Μ.
632 419 732 487 aaa.
759 419 1069 512 nummatam

181 703 185 716 ι
265 603 422 708 zoaptt'd
439 631 514 682 nos
534 630 631 682 vero
655 603 871 680 brevilftma
888 610 998 683 ratio.
1057 611 1239 710 Namque
1259 611 1300 684 iu

314 723 427 800 omni
447 743 568 808 voce,
597 736 711 794 acuta
730 721 834 796 intra
856 749 1071 800 numerum
1092 727 1215 802 trium
1227 721 1300 824 lyl-

312 839 491 914 labarum
517 836 762 926 continetur,
799 835 878 912 sive
904 863 970 911 eae
990 839 1082 914 lunt
1110 843 1154 914 in
1181 840 1300 914 verbo

216 1009 218 1016 -
313 953 436 1040 solae,
457 947 538 1026 live
555 951 736 1051 ultimae:
769 967 808 1025 et
827 954 870 1026 in
890 952 953 1028 ltis
969 971 1036 1028 aut
1049 957 1228 1054 proxima
1242 979 1302 1028 ex-

313 1085 478 1154 tremae‚
506 1081 574 1140 aut
599 1065 647 1140 ab
672 1091 716 1140 ea
741 1069 861 1142 tertia.
922 1071 1064 1144 Trium
1084 1095 1226 1169 porro,
1257 1069 1303 1141 de

311 1183 460 1284 quibus
484 1183 649 1280 loquor,
678 1181 806 1256 media
830 1185 966 1284 longa,
994 1200 1211 1272 antaeum,
1241 1199 1305 1258 aut

311 1297 411 1374 flexa
433 1299 526 1372 etit:
550 1296 700 1402 *eodem
720 1298 810 1372 loco
833 1299 963 1374 brevis
988 1302 1127 1399 utique
1150 1325 1305 1400 gratem

311 1411 472 1488 habebit
496 1409 658 1499 sonum,
688 1409 861 1511 ideoque
882 1411 1046 1512 positam
1067 1431 1157 1491 ante
1182 1413 1240 1503 se,
1266 1413 1308 1488 id

264 1527 370 1611 nest
391 1529 437 1604 ab
459 1527 600 1600 ultima
623 1528 795 1614 tertiam,
825 1545 948 1604 acuet.
1016 1527 1080 1602 Est
1108 1547 1241 1606 autent
1267 1531 1307 1602 in

299 1643 425 1742 ⁴omni
446 1666 545 1716 voce
569 1642 708 1740 utique
731 1657 860 1731 acuta,
897 1641 966 1718 l'ed
985 1669 1197 1754 nunquam
1221 1647 1308 1745 plus

310 1840 437 1900 dixiffet.
457 1837 570 1916 ignarus
591 1835 691 1910 aliquia
712 1855 793 1891 verae
806 1839 938 1901 attinuit,
958 1839 1009 1914 qui
1023 1839 1160 1898 codicem
1177 1841 1310 1918 scriptoria

308 1924 396 1980 nostri
410 1919 628 1994 antiquillimum
644 1937 779 1983 tractaret,
797 1922 867 1977 hauc
881 1926 985 1978 caulam
1000 1926 1050 1986 rei,
1064 1945 1079 1976 a
1097 1927 1123 1981 se
1138 1947 1239 2002 parum
1253 1944 1310 2001 per·

309 2011 430 2084 [percae.
452 2003 572 2084 margini
588 2003 723 2066 allcrffle,
745 2025 828 2079 quam
845 2009 986 2082 sequentes
1009 2007 1117 2064 librarii
1140 1996 1242 2066 deiude
1261 2027 1310 2086 pro

309 2095 394 2170 ipliue
418 2089 538 2146 rhetoris
559 2087 653 2144 verbit
680 2089 841 2163 reciperent.
891 2087 938 2146 'Est
959 2091 1072 2166 quidem
1096 2095 1167 2150 haee
1189 2093 1261 2174 ῥῆσις
1283 2095 1311 2148 ita

309 2176 450 2238 omuibus,
465 2189 599 2250 quantum
615 2172 709 2234 video.
731 2173 836 2236 codd..
857 2177 989 2230 varietate
1003 2173 1069 2231 levi.
1115 2181 1227 2236 Interim
1241 2181 1309 2233 inter
1384 2245 1385 2248 Ἴ

309 2261 435 2338 vitiosum
456 2275 484 2315 et
504 2259 590 2319 alias,
612 2257 687 2332 quod
709 2275 782 2312 recte
803 2258 926 2334 displicet
946 2263 1083 2324 Geluero‚'
1104 2284 1171 2318 cum
1190 2269 1222 2320 stt
1240 2265 1311 2319 idem

309 2363 392 2420 etque
405 2346 488 2406 alias,
509 2343 643 2398 videntur
657 2344 730 2396 tueri
748 2361 852 2399 omncs.
893 2343 1022 2420 Explicet
1038 2345 1066 2399 h.
1085 2347 1104 2401 l.
1120 2351 1207 2404 »tilulo
1220 2347 1311 2422 locius·
1384 2349 1385 2354 ’

308 2433 355 2490 [ed
377 2430 454 2484 dure.
499 2425 585 2484 Gotlt.
608 2427 679 2497 (tac.
697 2429 797 2499 Gelu.)
819 2427 1001 2504 intervallos.
1027 2436 1128 2487 et‘iut.
1150 2434 1249 2488 inserit
1268 2429 1312 2508 ast.

311 2513 406 2572 Guelf.
423 2516 458 2568 lic
473 2512 597 2566 dirimit:
618 2510 743 2586 vitiosum
757 2516 878 2568 iuterim:
898 2515 975 2568 elios.
1017 2517 1100 2570 Bem.
1121 2505 1177 2591 p'ro
1192 2521 1262 2574 alias
1275 2545 1313 2560 ·-

307 2602 377 2654 alias
394 2597 510 2652 datalia
533 2627 573 2640 --
593 2598 665 2658 alia,
687 2615 744 2650 uon
761 2596 847 2658 male,
869 2597 1015 2652 referendo
1033 2601 1090 2653 ulia
1115 2603 1151 2656 ad
1175 2603 1311 2658 dialectos.

221 2737 228 2746 ,
308 2683 386 2758 Sapit
406 2681 535 2760 glollema
557 2679 612 2754 ipla
627 2679 693 2732 haec
704 2681 857 2734 fluctuatio·
1022 2685 1098 2756 apud
1115 2706 1166 2740 nos
1181 2708 1247 2744 vero
1260 2689 1311 2740 ltre-

307 2765 410 2843 viffima
425 2769 504 2820 ratio.
527 2765 572 2818 Sic
587 2783 650 2822 cum
665 2761 795 2836 plurimis
811 2764 899 2821 codd.
915 2764 1008 2820 Guelf.
1038 2767 1183 2826 Giblonus
1200 2769 1311 2826 tacendo

307 2850 455 2929 fignificat,
476 2845 584 2920 Bodlej.
608 2845 708 2900 habere
730 2867 877 2921 paucarum
893 2849 954 2902 edd.
972 2849 1154 2924 scripturam:
1176 2857 1255 2930 apud
1270 2875 1314 2908 nos

307 2953 372 2991 vero
395 2929 533 3008 rectiffima
551 2935 621 2985 ratio
644 2951 675 2983 ac
698 2936 776 2985 etiam
792 2930 953 3008 bseltiffima.
975 2937 1214 3009 corruptiffimam
1230 2939 1314 2997 illam,

305 3017 383 3092 quod
399 3015 446 3070 vel
460 3039 507 3076 ac,
529 3029 591 3069 aute
607 3012 747 3080 vocalem,
770 3016 894 3071 ostendit
1061 3021 1199 3098 Namque.
1223 3023 1314 3082 Guell.

307 3105 380 3158 Num
403 3099 484 3174 qaod.
529 3100 666 3172 Namque,
693 3114 724 3151 ut
745 3102 862 3172 conjecit
882 3101 1003 3178 Regius.
1032 3103 1120 3158 Goth.
1144 3124 1175 3162 et
1197 3107 1315 3184 plurimi

305 3201 377 3262 puto
400 3182 505 3245 codd..
526 3184 577 3256 qui
597 3183 718 3252 lileutur.
762 3184 794 3238 Itl
818 3199 890 3238 certe
913 3185 998 3240 solum
1023 3188 1058 3240 est
1080 3207 1201 3246 verum.
1248 3195 1317 3249 Nam

305 3270 379 3349 quod
398 3267 501 3322 multae
521 3267 583 3321 edd.
734 3288 780 3322 eae
793 3267 868 3342 sunt.
911 3271 956 3324 Sic
971 3271 1075 3346 scripsi,
1096 3275 1183 3346 prius
1199 3297 1215 3330 e
1230 3275 1314 3332 Goth.

304 3361 319 3426 (
328 3371 377 3410 tac.
387 3355 480 3422 Gelu.)
494 3351 626 3426 posteriue
640 3371 655 3404 e
670 3349 762 3406 Guelf.
791 3351 886 3429 Vulgo
902 3355 950 3407 liae
958 3352 1023 3430 fiat.
1055 3355 1171 3414 Clarius
1187 3359 1218 3414 h.
1234 3360 1256 3424 l,
1273 3379 1317 3415 m

220 3496 224 3506 ¹
303 3458 388 3516 quam
403 3439 462 3499 liae,
477 3455 566 3511 neque
580 3435 774 3510 conjunctivus
787 3437 957 3492 ueccllarius.
979 3442 1025 3492 Sat
1038 3439 1148 3497 multae
1165 3445 1232 3501 edd.
1240 3467 1296 3500 eae.

304 3608 462 3666 quanquam
491 3589 521 3642 in
544 3587 692 3664 posteriore
714 3605 784 3642 voce
827 3589 916 3644 Wolf.
932 3610 959 3663 p.
980 3605 1036 3657 ²⁰7
1055 3593 1130 3668 leqq.
1154 3597 1190 3653 it.
1208 3620 1238 3676 p,
1259 3592 1313 3653 t'tt

304 3673 466 3750 quantitatis
482 3675 569 3752 magis
584 3673 620 3726 ell
634 3673 784 3733 (literatus,
825 3675 856 3728 iu
875 3671 1029 3752 σκληροτῆρ.

268 3786 272 3794 ¹
304 3779 387 3832 quam
411 3771 546 3811 accentus.
597 3757 650 3810 Sed
679 3755 784 3810 leviora

303 3845 367 3897 suut
387 3841 469 3901 haec.
491 3859 573 3914 qttam
591 3841 706 3913 quaein
723 3859 785 3892 ceu·
866 3841 987 3913 Namque
1002 3869 1044 3884 -··
1063 3859 1159 3900 actaea.
1208 3847 1319 3902 Similia

303 3925 504 3980 lttntveniaut.
544 3923 636 3978 Etiam
647 3923 782 3980 Matar-ius
823 3921 904 3976 uocet
926 3925 983 3987 Cic.
1006 3915 1084 3982 Orat'.
1118 3947 1144 3981 e.
1172 3943 1233 4002 ¹8·
1270 3930 1321 3986 ubi

286 4010 333 4064 ,in
356 4009 448 4082 Opere
477 4007 511 4060 de
531 4007 666 4062 Dialectie
684 4025 783 4086 'acceu-
822 4007 928 4060 Ernesti
962 4011 1097 4067 mutatio,
1137 4032 1230 4086 quam
1265 4019 1320 4069 fine

302 4105 383 4146 tuum
401 4092 564 4147 varietatem
585 4092 708 4153 omittit;
736 4109 782 4142 ne·
823 4089 882 4144 ullo
895 4105 1004 4145 auctora
1019 4095 1048 4145 iu
1064 4107 1184 4152 textum
1200 4101 1319 4174 recepit.

298 4193 354 4248 qne
369 4175 464 4230 multia
480 4193 538 4228 rem
554 4187 651 4228 tractat
667 4174 779 4228 Reiziue
823 4173 893 4228 ultra
908 4193 960 4246 pro
974 4181 1055 4237 eitra.
1077 4183 1239 4238 neceffaria
1260 4203 1319 4238 non

297 4259 340 4314 De
372 4262 504 4314 Aceemus
537 4259 706 4312 inclinatione
734 4257 777 4310 ed.
820 4257 942 4312 videtur.
