2798 4790
321 371 444 446 mor.
473 376 680 450 ORATOR.
706 377 796 448 LIB.
822 379 880 468 11,
905 400 967 452 tor
1038 395 1140 474 ‘4⁰¹
1229 413 1233 422 ·

141 563 206 642 dis
222 585 365 641 eonon
379 559 558 650 dicendis
571 564 655 640 erit
713 567 781 662 Et,
802 559 837 665 li
852 565 1020 644 virtutes
1038 563 1168 658 sunto

142 681 195 758 ad
216 703 313 780 quas
336 679 473 768 nobis,
502 681 620 754 etiarn
644 697 733 756 ante
757 705 876 782 quarn
896 679 1144 772 doceremur,

139 797 259 872 initia
273 791 467 893 quaedam
482 819 524 868 ac
539 791 687 872 semina
700 794 792 872 sunt
805 793 977 874 concello
991 811 1143 888 natura,

141 925 191 990 ut
207 910 257 986 ad
277 907 487 1004 justitiam,
513 915 627 1002 cujus
646 908 800 988 rusticis
819 937 982 1012 quoque
998 937 1041 987 ac
1055 911 1143 988 bar·

140 1023 247 1104 baris
271 1041 430 1124 apparet
449 1025 580 1125 aliqua
596 1027 747 1126 inrogo:
777 1051 851 1102 nos
872 1042 975 1102 certe
998 1023 1048 1102 fic
1068 1023 1142 1102 elle

142 1141 191 1218 ab
209 1141 327 1218 initio
341 1136 550 1238 formatos,
576 1156 622 1216 ut
637 1137 833 1242 pollemus
850 1165 961 1216 orare
978 1167 1053 1242 pro
1071 1167 1145 1220 no·

141 1252 398 1344 bis,etiams1
426 1280 512 1330 non
538 1253 730 1356 perfecte,
758 1271 890 1332 tamen
911 1273 960 1332 ut
979 1252 1144 1332 inellent

140 1369 371 1479 quaedam(
377 1385 423 1446 ut
440 1368 548 1470 dixi)
565 1367 712 1455 semina
726 1377 809 1466 ejus
826 1368 1033 1461 facultatis,
1061 1397 1144 1446 rna·

140 1482 331 1589 nifesttmi
353 1482 418 1560 est.
477 1486 576 1562 Nou
603 1484 741 1562 eadem
767 1501 899 1562 autem
926 1487 976 1562 iis
1002 1501 1166 1562 natarat

140 1599 289 1676 artibus
303 1595 376 1690 est,
404 1623 506 1700 quae
522 1625 545 1676 a
563 1601 712 1678 virtute
728 1599 820 1678 sunt
836 1616 1019 1676 remotae.
1068 1605 1143 1676 Ita-

102 1801 108 1810 ,
140 1741 220 1816 que
237 1739 329 1792 cum
344 1713 428 1792 duo
445 1713 520 1790 fint
535 1741 679 1818 genera
697 1719 897 1806 orationis,
919 1717 1037 1792 altera
1050 1741 1143 1816 per·
1225 1733 1228 1740 ⁴

137 1847 279 1930 petua,
308 1855 407 1930 quae
436 1829 621 1906 rhetorice
649 1830 816 1922 dicitur,
847 1831 966 1906 altera
982 1825 1142 1942 concisa,

141 1969 245 2046 quae
263 1944 458 2024 dialectice
467 1973 482 2040 ,·
510 1971 607 2048 quas
622 1947 787 2047 quidem
802 1951 911 2022 Zeno
929 1944 1027 2026 adeo
1047 1973 1142 2024 con·

139 2063 290 2156 junxit‘
303 2075 350 2136 ut
365 2036 465 2136 lonc
483 2059 716 2162 comprellae
732 2065 777 2138 in
790 2087 972 2162 pugnum
989 2085 1142 2150 manus,

139 2175 254 2254 illam
268 2175 473 2276 explicitae
492 2174 639 2252 diceret
656 2173 840 2252 limilem:
873 2177 991 2250 etiam
1008 2171 1142 2275 dispu-

139 2291 258 2366 tatrix
277 2293 407 2368 virtus
427 2291 519 2366 erit:
554 2277 652 2366 adeo
674 2287 725 2364 de
749 2289 841 2380 hac,
869 2313 970 2388 qune
995 2287 1144 2389 specio·

62 2405 360 2507 eoniior'atque
387 2408 560 2506 apertior
582 2419 690 2482 tento
714 2401 787 2492 est,
815 2403 921 2478 nihil
945 2403 1144 2479 dubitabi-

140 2537 218 2602 tur.
276 2520 354 2608 Sed
367 2521 526 2624 plenius
540 2519 620 2596 hoc
634 2518 744 2594 idem
758 2534 875 2622 atque
888 2519 1060 2622 apertius
1078 2520 1168 2612 itt-3

202 2753 237 2807 iis
249 2778 291 2794 --
302 2749 413 2808 artibus.
456 2745 502 2804 sie
516 2745 609 2804 Guell'.
623 2761 651 2802 et
666 2745 751 2804 Goth.
772 2749 841 2816 (tae.
860 2749 954 2818 Gelo.)
967 2765 1032 2802 enm
1049 2747 1142 2809 ceteri.

138 2850 176 2906 rit
191 2849 219 2892 et
235 2835 332 2898 Gelo„
353 2833 421 2888 dent
437 2833 493 2893 his,
513 2849 613 2908 pamm
632 2831 829 2892 convenienter
845 2831 908 2888 lnl.
929 2831 964 2888 cl.
984 2847 1011 2892 α.
1031 2851 1056 2892 1.
1072 2847 1100 2886 2.
1188 2898 1191 2909 Ι

203 2920 286 2976 zano.
329 2916 423 2974 Gueli.
445 2917 537 2983 Ζςιιοη
566 2935 629 2972 curn
661 2915 801 2994 plerisque
824 2915 912 2971 cedet
938 2931 966 2970 et
987 2913 1048 2970 edd.
1071 2915 1143 2976 Jenl.

139 2989 215 3078 (tec.
239 3004 336 3080 Gelu.)
356 2999 473 3075 eliieque
495 3014 566 3055 vett.
609 3001 694 3056 Torv-
719 3015 811 3054 tamen
832 3015 859 3054 et
878 3001 947 3056 Ven.
969 2998 1037 3052 dant
1060 3001 1141 3055 Zeno.

137 3087 312 3164 scripturam
329 3105 380 3164 per
400 3108 419 3141 n
440 3103 499 3140 non
519 3083 571 3140 ell'e
587 3083 622 3138 de
636 3081 726 3138 nihilo
740 3082 820 3136 docet
839 3082 916 3137 locoe
933 3095 1003 3152 135.
1021 3079 1070 3138 60.
1085 3101 1142 3157 quo

139 3185 172 3234 et
185 3171 418 3258 Burmsebleget.
459 3173 529 3226 Eam
545 3182 573 3224 et
593 3167 641 3224 liic
656 3167 800 3224 revocarit
814 3165 884 3224 Obr.

186 3371 270 3430 Zeno·
300 3367 367 3426 vide
388 3373 462 3426 Sext.
485 3371 568 3443 Emp.
592 3386 622 3444 p.
663 3381 692 3422 et
709 3363 808 3422 deinde
824 3365 986 3441 increpetur
1000 3364 1083 3438 quat.
1106 3361 1141 3420 ei.

140 3465 205 3530 889
226 3471 254 3510 et
267 3469 362 3512 notam
380 3453 459 3510 Febr.
475 3457 505 3508 P.
547 3455 623 3508 Im
658 3449 867 3526 serrnoeinetrix
883 3464 918 3517 5,
934 3459 970 3522 4,
992 3467 1035 3502 ιο.

139 3538 287 3600 Ciceronis
307 3537 375 3594 heee
395 3539 471 3594 omn
494 3537 577 3594 Aeol.
591 3545 621 3610 4,
706 3537 785 3592 adeo.
808 3536 894 3596 Cave,
908 3531 1023 3606 recipias
1036 3529 1142 3586 dietum

139 3635 194 3701 47.
217 3623 251 3678 de
264 3623 325 3678 liin.
342 3639 371 3684 Β,
384 3623 411 3680 6.
435 3621 514 3680 Oret.
531 3633 593 3688 δι·
662 3639 715 3696 pro
730 3619 798 3676 ideo.
822 3619 921 3674 Elison
935 3615 1073 3692 potestate.
1089 3633 1143 3689 pro

186 3709 362 3782 disputatrix.
405 3707 472 3766 Non
487 3707 541 3760 stne
554 3721 622 3778 quo·
662 3721 727 3766 tam.
741 3719 889 3778 tantopere.
918 3697 1034 3758 Turseli.
1051 3718 1077 3774 p.
1091 3710 1141 3772 42.

140 3793 207 3850 darn
224 3807 383 3847 contemtos
399 3789 491 3846 colore
506 3789 560 3844 hoc
574 3805 624 3840 no·
664 3789 722 3846 No.
746 3804 774 3844 2.
815 3789 907 3866 lunge
934 3802 1042 3840 eutem:
1073 3783 1143 3838 adeo

141 3895 209 3934 enen
238 3875 395 3932 dialecticae
422 3873 519 3928 (letum
553 3870 626 3926 erbi·
664 3871 742 3928 rtilrii.

143 3976 215 4020 ποτ,
232 3979 289 4034 quo
308 3960 400 4016 minor
417 3961 505 4014 lecum
520 3974 626 4034 pugna-
709 3953 889 4032 Sedbpienios.
911 3949 1144 4024 Orditnrplanio·

140 4063 175 4101 re
196 4043 327 4100 videatur
344 4047 398 4118 Qu.
420 4041 470 4116 qni
488 4043 626 4096 oratricem
666 4059 720 4094 rem
741 4037 833 4098 illem.
862 4055 946 4111 qnam
974 4033 1144 4112 promiserat.

142 4127 348 4205 improbaverit
373 4141 408 4190 ι,
430 4136 530 4198 14.2·
573 4121 626 4178 Sed
665 4121 860 4200 probationem.
902 4123 947 4175 An
976 4119 1064 4196 igitur
1085 4119 1147 4190 ple.

142 4211 302 4288 imponitur
323 4214 438 4288 perrone
458 4203 632 4268 dinleetiue.
666 4208 750 4286 nine?
772 4205 806 4258 et.
824 4219 881 4258 nor.
893 4205 964 4262 Crit.
979 4205 1011 4254 at
1029 4217 1056 4260 9..
1073 4215 1101 4266 3.
1117 4201 1144 4256 6.

193 4297 270 4354 Tom-
287 4297 311 4351 1.
351 4301 354 4310 '
707 4291 756 4346 Ce
1173 4285 1179 4297 ‘
