2840 4778
257 361 414 420 xxxvru
459 345 475 423 ’,
580 341 923 416 PRAEFATIO.

185 543 188 554 '
259 546 339 606 tam
366 474 624 631 negligenter
637 531 733 608 hoec
762 527 878 608 inille
905 526 1132 630 scripturus.
1191 533 1262 607 Et·

258 667 338 742 iam
359 667 438 743 hoc
466 665 778 766 praetermissum
798 665 919 742 video
948 687 970 738 a
996 681 1057 746 tot
1069 669 1148 742 VV.
1167 669 1259 742 DD.
1330 724 1333 728 -

258 801 332 916 qui
364 802 489 878 vitam
518 801 631 878 istam
658 805 879 904 reciperent
912 803 968 876 in*
991 798 1080 877 suas
1116 801 1262 880 editio·

257 961 341 1025 nes,
369 937 483 1038 quod
502 941 644 1034 Caium
664 941 847 1019 Caelium
860 953 1113 1039 praeceptore
1132 941 1263 1042 Quin·

258 1071 397 1152 tiliano
415 1071 533 1170 usum
550 1092 933 1177 narrotanonymus.
952 1131 956 1144 .
991 1073 1171 1150 Debebat
1188 1071 1264 1147 sal·
1346 1173 1350 1182 Δ

257 1219 338 1282 tem
369 1206 507 1287 scribi:
561 1215 621 1290 ca
636 1213 832 1290 Caecilius
867 1212 906 1287 11.
937 1237 969 1286 e.
1004 1191 1159 1286 Plinius
1185 1211 1263 1283 mi-

256 1366 342 1420 nor.
408 1348 486 1422 Hic
507 1349 631 1448 igitur
657 1345 825 1448 scriptor
850 1365 1102 1444 anonymus,
1139 1341 1264 1419 Euse-

104 1501 109 1518 ’
255 1475 364 1554 biani
400 1481 595 1559 chronici
631 1480 753 1556 fidem
783 1483 828 1555 in
856 1481 981 1581 patria
1019 1475 1264 1583 Quintiliani

255 1613 474 1705 rejiciens,¹
509 1617 712 1692 Plinianae
737 1639 839 1690 vvero
875 1611 1062 1716 epistolae
1096 1611 1263 1690 credens

256 1743 379 1822 liliam
409 1747 457 1822 ab
486 1748 630 1826 eodem
659 1746 733 1824 else
760 1747 999 1850 susceptam,
1041 1773 1144 1848 quae
1170 1749 1266 1824 No·

255 1881 327 1954 nio
362 1878 478 1982 (non
511 1887 680 1986 Novio)
717 1859 849 1963 Celeri
879 1887 924 1960 in
956 1883 1264 1960 matrimonium

181 1994 186 2018 ¹
255 2012 425 2106 cederet,
459 2019 506 2098 in
534 2037 716 2097 neutram
745 2015 896 2122 partem
924 2033 1177 2096 momentum
1200 2016 1263 2094 sa·

227 2150 318 2224 ¹cic
405 2155 646 2233 Dodwellus
689 2158 800 2232 enim
842 2157 944 2230 mira
988 2153 1163 2230 sollertia
1210 2179 1263 2232 ex

255 2299 483 2388 temporum
521 2293 744 2370 rationibus
784 2289 901 2366 efficit
952 2291 1076 2383 (Anu.
1124 2293 1157 2384 §.
1187 2285 1260 2390 9.)

124 2499 125 2504 ,
253 2445 327 2522 per
357 2442 447 2503 octo
474 2451 600 2504 annos
629 2455 723 2506 cum
745 2429 868 2502 Galba
890 2422 1100 2501 'versatum-
1117 2425 1262 2500 infli-

251 2553 385 2658 spania
414 2561 545 2638 videri
577 2565 894 2672 Quintilianum,
952 2563 1025 2662 qui
1054 2557 1143 2634 sane
1174 2561 1262 2636 Ro·

252 2717 342 2786 mae,
368 2693 413 2771 fit
440 2699 649 2788 educatus,
688 2671 806 2794 cujus¹
834 2697 1036 2797 temporie
1055 2697 1168 2772 nulla
1196 2721 1261 2770 re·

126 2833 131 2842 '
253 2853 348 2904 rum
376 2831 536 2908 Rom'ae·
557 2831 753 2932 gestarum
782 2848 877 2910 nota
895 2833 950 2906 'in
974 2829 1127 2931 scriptis
1147 2829 1263 2908 Fabii

253 2981 490 3064 compareat·
545 2971 602 3042 lu
632 2965 836 3046 Chronico
861 2967 931 3066 (ad
952 2967 1112 3068 Olymp.
1143 2945 1281 3066 211.)⁴

254 3094 353 3176 fides
377 3097 572 3179 constabit
596 3104 785 3204 prodenti
803 3101 1100 3210 Qumtiliauum
1124 3127 1146 3174 a
1166 3101 1263 3176 Gal-

252 3235 303 3310 ba
340 3235 510 3314 Romam
525 3235 621 3314 else
660 3238 900 3332 adductum,
955 3235 1123 3338 petriam
1157 3225 1261 3312 reto

252 3379 337 3466 ejus
358 3372 586 3474 Hispaniam
611 3373 818 3450 credemus
839 3373 936 3450 huic
957 3369 1030 3474 ipsi
1052 3369 1261 3448 Chronico

251 3512 268 3604 (
280 3508 330 3584 ad
348 3535 500 3586 anuum
523 3509 747 3584 Domitiani
771 3527 809 3598 a,
839 3509 899 3588 01.
920 3511 1042 3605 216.)
1072 3521 1112 3580 et
1132 3501 1263 3582 Auso-

251 3645 321 3718 nio
350 3645 422 3745 (in
440 3639 595 3743 profess.
612 3642 818 3744 Burdogal.
842 3669 876 3732 1,
904 3647 979 3742 7.)⁴
996 3655 1035 3716 et
1054 3644 1263 3739 Hierony·

252 3803 320 3852 mo
344 3779 618 3877 vigilantium,
646 3803 769 3880 quem
794 3775 1016 3868 insectatio,
1045 3799 1262 3870 cauponem

255 3911 623 4018 Calagurritanum,
662 3914 842 4013 itemque
872 3929 1019 4002 mutum
1048 3907 1263 4024 Quintilio·

250 4073 340 4123 uum
372 4045 596 4149 appellanti.
661 4044 802 4126 Nostri
831 4071 1057 4148 cognomen
1084 4059 1264 4147 praeter-
