2840 4778
432 1420 867 1516 Pnnernrro.

146 1839 211 1970 N
209 1907 262 1958 on
286 1873 373 1956 fine
391 1875 635 1955 verecundia
659 1891 700 1953 et
723 1875 979 1960 solicitudine
999 1885 1143 1966 accedo
1255 1974 1258 1983 ,

146 2015 193 2092 td
207 2017 408 2096 rationem
423 2012 545 2110 hujus
566 2014 696 2114 operis
716 2040 738 2088 a
757 2041 822 2091 me
839 2013 1019 2119 suscepti,
1047 2027 1144 2116 jam·
1164 1991 1192 2039 Ἰ

147 2173 222 2250 que
249 2176 299 2226 ex
326 2164 471 2249 quarte
498 2163 608 2250 parte
633 2147 850 2252 profligati,
885 2151 1141 2232 reddendam.
1221 2218 1226 2229 ,

144 2289 246 2362 Inter
273 2283 413 2388 ipsum
445 2285 555 2358 'enim
585 2283 783 2375 laborem,
827 2285 928 2364 dum
957 2287 1024 2364 hic
1057 2291 1143 2366 illio

145 2423 338 2520 quaedam
362 2443 449 2496 non
469 2419 523 2494 ita
540 2419 643 2495 male
661 2417 871 2520 expediisse
893 2423 968 2498 tibi
983 2423 1145 2516 videris,

147 2551 322 2656 dumque
344 2551 506 2656 smgulis
528 2555 773 2644 immoraris,
806 2555 963 2654 parcius
981 2574 1148 2660 occupat

149 2689 326 2766 animum
360 2705 400 2766 et
433 2685 529 2764 ferit
561 2689 685 2766 totius
711 2689 865 2792 negotii
898 2691 1145 2794 magnitudo,

146 2849 264 2924 quem
290 2825 366 2903 ubi
391 2838 570 2900 remotus
594 2823 807 2924 paululum
838 2825 886 2902 ab
913 2853 977 2919 eo,
1016 2801 1145 2930 quant

139 2984 266 3062 paras,
319 2959 477 3049 tabula,
531 2983 567 3032 e·
587 2958 812 3060 longinquo
853 2967 1143 3066 contemplaris.

140 3095 271 3172 Multo
306 3089 405 3170 sunt
440 3107 482 3168 et
512 3092 622 3167 veria
655 3117 758 3194 quae
796 3099 1046 3204 Quintiliano
1076 3100 1146 3176 de.
1201 3130 1211 3152 ·

138 3229 312 3309 beantur
337 3229 388 3304 ab
406 3225 562 3302 editore
586 3225 678 3320 suo,
723 3255 797 3304 nec
823 3229 941 3337 focile
970 3236 1148 3312 multum

135 3365 187 3443 de
224 3373 325 3463 jure
362 3357 671 3464 praestantissimi
703 3359 903 3466 scriptoris
945 3369 1148 3444 remittent

134 3503 184 3593 ii,
227 3501 388 3604 quibus
418 3511 550 3571 tomen
578 3499 698 3574 unice
723 3501 826 3578 veiis
850 3503 1024 3602 placere,
1066 3501 1147 3578 viri

134 3635 392 3738 antiquitatis
419 3614 616 3722 vindicer,
644 3647 684 3708 et
702 3614 865 3724 eordrn,
891 3659 993 3735 quoe
1014 3635 1063 3712 ab
1084 3639 1147 3713 in·

137 3785 316 3874 terprete
357 3763 507 3867 optimi
541 3770 735 3866 cujusque
767 3761 970 3870 scriptoris
1001 3775 1148 3848 veteris
1206 3769 1207 3774 ’

136 3901 380 4006 praestando
398 3897 514 3986 sunt,
548 3893 675 3998 probe
703 3903 826 4000 gnari.
879 3903 1044 3982 “Deinde
1073 3907 1150 3979 ele-

135 4037 339 4120 bonrunt
354 4033 482 4114 multi
501 4045 539 4107 et
557 4035 736 4135 primarii
757 4023 802 4114 in
822 4037 901 4118 hoc
921 4041 1151 4142 operemi-

734 4171 760 4248 b
790 4196 813 4250 2
