2764 4796
291 380 413 454 ruer.
441 383 648 456 outron
675 385 766 454 ΗΒ.
794 387 865 460 111,
894 403 929 470 5.
1039 388 1111 476 4⁶9

110 569 182 658 tis,
209 567 306 642 haec
321 573 495 645 activae:
522 572 606 645 iilic
633 573 742 648 enim
764 573 939 648 veritatis
957 587 1112 648 tantum

108 685 232 784 gratia
254 680 466 783 disputari,
504 685 570 759 hio
594 691 802 788 negotium
826 689 898 788 agi.
976 694 1156 798 Quart-¹2

109 823 230 896 quam
255 799 419 873 inutiles
441 800 603 898 quidam
621 806 768 878 oratori
784 797 926 903 putant
945 805 1109 877 univer·

34 911 206 993 zersates
235 911 503 1012 quaestiones,
552 919 645 1015 quia
671 916 776 991 nihil
806 915 948 1018 profit,
995 915 1108 1018 quod

108 1026 276 1115 constet,
312 1029 543 1102 Ducendum
569 1025 647 1142 effe
670 1059 847 1120 uxorem,
879 1019 945 1107 vel
966 1033 1107 1110 Admi-

105 1137 349 1248 nistr'cmdam
378 1141 667 1242 rempublicam,
711 1145 739 1220 sr
770 1151 860 1246 quis
889 1149 956 1221 vel
986 1162 1107 1220 aetate

105 1259 174 1331 vei
198 1257 426 1334 valetudine
447 1261 696 1359 impediatur.
766 1261 841 1338 Sed
865 1287 949 1336 uon
978 1263 1108 1338 omni·
1134 1351 1135 1354 Ἴ

105 1373 183 1446 bus
207 1372 405 1466 ejusmodi
435 1374 731 1474 quaestionibus
760 1374 808 1450 stc
834 1378 991 1452 occurri
1018 1391 1107 1475 pot·

106 1484 182 1577 estt
221 1503 268 1564 ut
292 1487 393 1578 iliis,
415 1491 540 1564 'Sitne
567 1495 693 1568 virtus
711 1489 837 1601 fluis?
873 1491 1108 1598 Regaturrze

106 1735 108 1740 ·
172 1705 275 1758 oratori
294 1719 399 1775 purant.
454 1705 547 1762 (ineis.
577 1709 692 1762 orationi
720 1729 750 1781 p.
777 1727 841 1762 curo
867 1704 954 1762 Gotit.
976 1721 1005 1762 et
1032 1707 1105 1764 Jeos.

103 1787 119 1858 (
126 1799 176 1842 tao
194 1787 297 1862 Geso.)
316 1787 423 1843 aecedd.
438 1789 569 1864 plurimis
585 1791 674 1848 Codri.
691 1805 719 1844 et
735 1792 796 1845 edd.
815 1807 876 1846 onte
892 1791 1000 1849 Cervic.
1016 1789 1106 1844 omni·

102 1869 173 1954 but.
201 1885 317 1944 excepto
332 1871 412 1926 Aido.
455 1876 546 1929 Etiam
563 1877 658 1930 Turic.
677 1875 745 1932 eod.
765 1879 888 1932 orationi.
931 1874 984 1930 Sed
1008 1873 1105 1928 viden-

103 1967 153 2008 tur
174 1955 248 2008 tueri
266 1971 403 2030 receptam
420 1957 500 2012 Botis.
523 1975 551 2014 et
572 1961 647 2018 Voss.
667 1981 693 2014 1.
733 1962 840 2038 Regius
861 1948 1020 2032 conjecture
1040 1975 1104 2032 pro·

103 2038 183 2094 bavit
197 2043 305 2093 oratori.
346 2043 408 2096 Nec
429 2057 488 2097 eret
507 2043 583 2116 quod
599 2045 626 2100 ei
640 2043 792 2102 Vriieustnu
814 2044 884 2100 Coti.
903 2045 1018 2100 orationi
1039 2043 1105 2094 derr-

104 2137 162 2176 tem
179 2137 331 2196 opponeret
346 2125 463 2186 Badius,
488 2141 655 2205 negaretque
671 2127 823 2198 quidquam
845 2127 969 2180 interesse
993 2124 1026 2177 ed
1048 2127 1104 2178 sen·

104 2207 164 2260 sum
186 2211 242 2262 sive
264 2205 317 2262 hoe
333 2207 461 2264 scriberes
477 2211 532 2263 sive
548 2209 629 2263 iilud.
672 2209 803 2265 Confusio
823 2225 916 2264 autem
941 2211 1055 2263 oratoris
1075 2221 1104 2262 et

102 2294 230 2346 orationis
243 2290 274 2344 iu
287 2289 426 2366 pierirque
444 2291 546 2348 usibus
562 2291 685 2366 obliquis
700 2311 756 2346 uon
772 2293 809 2346 eii
825 2289 993 2365 infrequens.
1022 2292 1056 2346 cs.
1074 2305 1102 2352 2,

105 2393 133 2436 r,
152 2389 199 2430 η.
220 2374 270 2429 ubi
283 2394 336 2450 pro
352 2393 484 2432 oratorem
502 2376 569 2430 dent
585 2381 731 2432 orationem
746 2375 870 2450 plerique
884 2391 912 2430 et
928 2373 1022 2450 scripti
1037 2373 1103 2430 iibri

102 2474 131 2513 et
145 2461 251 2518 exeufi,
274 2473 368 2514 tuetur
382 2475 474 2514 nutem
492 2475 627 2536 receptam
645 2459 737 2514 Guels.
756 2475 782 2520 2,
803 2472 849 2527 15,
868 2475 914 2514 ια.
937 2478 990 2534 pro
1004 2463 1103 2516 oratio·

100 2545 144 2598 ru‘r
166 2541 259 2598 Gneis.
286 2545 416 2604 oratoris.
439 2541 528 2604 solus.
549 2559 628 2618 puto.
655 2557 682 2610 5,
703 2553 733 2615 q,
754 2543 773 2598 6
795 2561 848 2619 pro
872 2548 986 2600 oratoris
1008 2543 1101 2600 Gneis.

101 2631 230 2684 orationis
250 2645 314 2682 cum
331 2625 405 2682 Airn.
422 2642 449 2682 et
462 2630 545 2682 Bere.
566 2643 594 2682 et
609 2627 661 2682 alit
677 2627 812 2702 exemplo.

167 2731 221 2768 non
243 2739 286 2756 ·-
308 2728 339 2766 ut
363 2712 426 2768 iliis.
480 2711 573 2768 Guelf.
604 2733 629 2768 n.
653 2733 678 2768 o.
702 2713 819 2782 ejusdem
839 2735 864 2790 q.
881 2711 908 2789 Ι.
928 2732 954 2768 ο.
979 2735 1008 2786 p.
1033 2734 1059 2766 u.
1083 2716 1101 2764 i.

103 2795 192 2852 Multi
207 2795 296 2852 Cotid.
318 2809 347 2850 et
366 2795 427 2850 edd.
449 2797 477 2850 in
498 2795 556 2869 post
579 2816 631 2850 non
653 2797 777 2851 inserunt
799 2813 826 2852 et
844 2799 942 2852 eisdem
963 2797 1030 2850 dent
1049 2815 1102 2870 pro

101 2879 242 2948 ejusmodi.
283 2880 454 2954 Praepostere
468 2879 541 2934 nim.
559 2899 621 2933 cunr
637 2882 731 2937 Turre.
748 2883 821 2937 utilis
836 2900 888 2956 pro
904 2882 1018 2944 nesius,-
1043 2879 1101 2946 (cs.

101 2961 190 3020 Drei.
206 2962 321 3020 ulLiv.
339 2977 388 3025 22.
404 2976 453 3032 50,
472 2969 518 3032 r.)
542 2977 569 3018 et
582 2961 700 3040 quaestio
715 2985 767 3038 pro
779 2961 983 3040 quaestionibus.
1025 2963 1100 3020 sim.
1205 2955 1210 2964 ’

100 3049 203 3108 eidem.
232 3047 277 3102 sed
297 3046 351 3102 hoo
378 3049 473 3103 Turio.
496 3047 626 3121 imposito
649 3050 814 3122 compendio
838 3045 952 3120 syllabae
977 3066 1007 3102 us
1030 3051 1100 3120 (9).

100 3131 225 3188 Deseudi
238 3131 351 3187 videtur
370 3148 478 3206 recepta
494 3153 507 3184 o
525 3131 615 3186 tribue
631 3133 797 3188 Britannicis
812 3141 840 3186 et
854 3131 928 3186 Voss.
947 3149 972 3186 r.
1012 3131 1102 3188 Veris·

100 3217 196 3272 simam
213 3215 304 3278 credo,
324 3235 414 3290 neque
429 3219 512 3294 ipsam
529 3215 757 3292 praepositionem
774 3220 802 3272 in
814 3213 875 3292 posi
886 3233 939 3272 non
956 3216 1038 3289 eQu.
1053 3231 1102 3290 po·

101 3301 197 3364 fitam,
216 3299 263 3354 cui
277 3301 456 3378 respondisset
468 3299 552 3356 nitere
566 3315 628 3356 ente
642 3301 706 3358 iuis.

144 3466 219 3542 quod
240 3464 348 3542 constet.
390 3469 500 3523 Poterat
521 3469 583 3526 inii·
624 3470 734 3526 terdum
758 3467 831 3544 opud
848 3466 975 3530 nostrum
988 3483 1101 3539 quoqne

100 3551 196 3606 nitivo
218 3569 331 3624 quoquo
359 3554 418 3606 uti:
453 3551 580 3628 conflare.
622 3555 753 3632 fignificat
767 3573 909 3609 occurrere.
953 3553 1048 3624 ..Quae
1066 3551 1100 3604 ie·

100 3633 147 3692 seii
163 3635 281 3694 vitavit,
303 3637 434 3710 quoniam
452 3657 521 3692 mox
536 3638 581 3692 iti.
621 3653 768 3712 „quuntur
789 3635 958 3709 quaestiones
976 3653 1021 3688 eae
1044 3651 1100 3717 nott

101 3717 167 3774 dem
182 3718 355 3774 insutitivur:
382 3717 578 3794 Due-,efferm
620 3725 703 3784 ..sttnt
720 3721 874 3794 ejusmodi,
895 3717 1101 3794 ntpoiiinteo·

145 3807 245 3858 noemi
258 3833 299 3846 -
316 3821 345 3858 ut
358 3805 420 3858 iliis.
452 3807 526 3859 cave
539 3825 580 3858 re·
620 3806 702 3868 „dem
734 3819 898 3884 argumento
917 3805 1099 3880 supervacuae

99 3889 173 3944 serre
189 3904 219 3942 ur
234 3885 267 3940 ari
275 3885 325 3963 fic.
357 3889 391 3940 Ut
406 3887 442 3941 est
457 3905 510 3961 pro
526 3891 580 3944 vei·
619 3889 771 3954 „ostendi”

100 3973 155 4032 etti,
186 3971 305 4044 exernpii
324 3975 424 4044 gentio.
469 3971 581 4028 Orcurrt'
762 4026 768 4039 ,

100 4051 250 4134 questioni
273 4054 302 4106 h.
325 4055 344 4108 i.
370 4053 407 4109 est
429 4059 582 4130 inpugnari
657 4061 735 4135 Jim'r.
763 4061 911 4112 Summum
926 4053 1043 4114 bouum,
1066 4067 1099 4108 ut

99 4156 170 4198 eant,
191 4135 362 4212 reprehendi,
383 4157 418 4192 ne
432 4137 505 4193 sorte
519 4140 582 4213 quie
623 4141 653 4196 iu
683 4143 774 4218 operis
804 4141 977 4196 ciceroniani
1007 4137 1099 4194 inseri·

100 4221 219 4328 accipin
240 4219 411 4301 palpandam,
445 4223 522 4296 quod
540 4225 584 4278 itt-
624 4229 728 4302 ptione,
750 4225 901 4298 definisnu.
