2898 4790
294 387 376 460 eoo
544 383 601 454 n.
628 385 730 457 mn
758 383 1088 478 oumrtmant.
1127 345 1131 357 ’

302 593 393 652 nr'us
429 588 561 648 tamen
591 595 733 646 eorum
766 559 882 678 curae
915 571 1108 670 quaedam
1137 571 1303 656 *dicendi

299 687 538 792 primordia,
568 685 713 784 quibus
734 699 874 760 aetates
894 686 1076 762 nondum
1101 689 1305 768 rhetorem

272 806 497 904 ecapientes
519 799 734 875 instituant.
791 801 915 898 Igitur
934 795 1087 911 Aesopi
1110 800 1347 910 fabellam,

299 944 402 1020 quae
416 915 561 995 fabulis
574 915 868 990 nutricularum
881 915 1300 1018 proximeluccedunt,

282 1057 457 1134 (nan-are
477 1029 656 1106 sermone
679 1055 804 1129 puro,
829 1045 868 1102 et
888 1031 994 1106 nihil
1014 1029 1051 1106 le
1074 1029 1192 1132 supra
1212 1062 1301 1113 mo·

297 1149 400 1224 dum
421 1147 653 1234 extollente,
681 1143 827 1218 deinde
852 1143 1018 1220 eandem
1044 1149 1300 1246 gracilitatem

241 1329 256 1338 ,
298 1261 389 1352 stilo
420 1263 574 1362 exigere
589 1256 845 1341 condiscant:
891 1257 1026 1336 versus
1057 1263 1190 1361 primo
1223 1263 1300 1342 lol-

295 1403 412 1479 ¹vete,
443 1401 537 1452 mox
559 1376 722 1450 n'tutatis¹
749 1367 880 1450 verbis
904 1377 1172 1476 interpretari:
1211 1362 1306 1457 tum¹

296 1487 519 1596 paraphrast
542 1489 729 1565 audacius
752 1505 925 1580 vertere,
953 1517 1031 1590 qua
1046 1501 1096 1566 'et
1119 1494 1299 1576 breviare

296 1605 512 1708 quaedam,
548 1621 587 1678 et
619 1629 826 1694 exemere,
859 1603 968 1684 salvo
1000 1607 1123 1682 modo
1160 1617 1297 1708 poetae

271 1721 433 1812 escensu,
462 1721 715 1820 permittitur.
774 1719 894 1825 Quod
915 1747 1036 1822 opus,
1066 1724 1183 1801 etiam
1204 1750 1298 1800 con·

295 1835 498 1918 summatis
510 1831 795 1942 profelloribus
812 1832 982 1926 difficile,
998 1839 1070 1936 qui
1088 1839 1297 1921 commode

296 1951 536 2040 tractaverit,
551 1950 778 2050 cuicunque
794 1947 982 2028 discendo
996 1950 1169 2026 sufficiet.
1203 1956 1296 2041 Sen7
1306 1987 1361 2026 too
1408 1981 1412 1992 ·

296 2071 439 2142 tentiae
461 2089 643 2167 quoque,
672 2081 711 2140 et
730 2063 877 2156 atriae,
906 2083 944 2142 et
968 2065 1187 2174 ethologiae
1207 2067 1299 2144 lub-

296 2267 320 2338 ’.
360 2283 511 2358 ethologiae
532 2311 573 2326 -
593 2277 740 2356 ethologia.
764 2275 857 2338 Guell.
875 2283 1059 2360 etilogiee-
1075 2282 1215 2360 etltilogie.
1245 2286 1299 2344 Ve-
1390 2303 1394 2312 ·

297 2367 348 2422 riis
365 2365 456 2420 modis
472 2387 487 2420 a
504 2383 576 2422 rectu
593 2367 726 2442 scripture
741 2362 868 2421 aberrent
882 2367 970 2424 codd.
988 2369 1018 2422 in
1033 2367 1061 2424 lt.
1073 2389 1101 2422 v.
1112 2389 1232 2442 qnorum
1250 2366 1299 2424 ali-

251 2482 256 2490 ,
293 2465 387 2526 quot,
407 2453 481 2506 inter
496 2471 566 2524 quoe
582 2451 618 2504 ell
634 2449 828 2511 Florentiam.
849 2453 985 2506 relerente
1002 2454 1107 2532 Regio,
1132 2453 1198 2506 dam
1214 2457 1299 2508 aetio·

298 2539 392 2609 logice
410 2563 452 2578 -
472 2537 637 2610 aetiologia,
658 2534 729 2588 male
743 2549 849 2596 tamen,
871 2539 924 2590 llue
942 2535 1038 2592 dubio.
1079 2535 1207 2592 Eundem
1223 2557 1298 2592 erro-

298 2639 358 2674 rem
373 2640 388 2674 e
403 2623 503 2676 Seneca
524 2617 679 2694 proscripfit
701 2615 810 2694 Lipsius
833 2621 907 2694 apud
928 2639 1010 2696 quem
1028 2621 1106 2694 (vit.
1121 2637 1179 2675 not.
1196 2623 1296 2702 exeg.)

346 2807 445 2842 eorunt.
506 2787 777 2849 Grammaticorum.
818 2787 893 2864 quod
911 2803 1005 2846 temen
1019 2787 1086 2844 rutli
1100 2809 1188 2864 puero
1203 2791 1297 2863 injun-

245 2879 247 2883 ’
290 2871 440 2956 ιἰιιιεΙῑὶῖςος
469 2873 516 2926 etsi
550 2889 647 2926 eorum
677 2871 776 2926 diserta
817 2873 847 2949 gi
862 2873 986 2946 jubetur.
1028 2877 1101 2928 Puto
1119 2875 1208 2953 igitur
1225 2875 1298 2930 able-

295 2955 372 3012 nulle
388 2956 505 3010 mentio.
527 2955 561 3009 el.
579 2969 725 3035 nonexeg.
741 2957 775 3012 ad
818 2958 910 3012 tirum
933 2957 1149 3035 agnoscendum,
1171 2977 1228 3012 non
1250 2959 1296 3014 tla-

296 3059 325 3103 ι,
341 3053 369 3108 5,
389 3059 401 3092 ι
422 3043 565 3094 manaan.
816 3041 925 3102 tivum,
948 3042 1001 3096 ltoc
1022 3043 1112 3098 tento:
1141 3043 1208 3104 „vel
1230 3063 1295 3098 cum

334 3123 439 3180 clicentli
453 3123 608 3198 primordia.
645 3127 684 3178 Ea
703 3125 773 3184 lunt,
816 3127 1086 3186 „consummatorum
1111 3127 1295 3200 proleliorum

293 3227 364 3284 quae
389 3209 486 3264 Graeci
516 3207 643 3262 doctores
673 3227 776 3285 progy·
815 3209 1006 3270 „institutione
1041 3210 1141 3283 aliquis
1176 3213 1296 3268 tttitut.‘⁸

293 3291 607 3368 maalmeteeppellatrt‚
622 3291 712 3364 qttelie
729 3311 775 3346 ex·
815 3293 926 3348 Durior
949 3306 1040 3348 temen
1066 3295 1123 3348 lere
1147 3295 1214 3350 ltaec
1234 3313 1295 3352 ore-

293 3393 362 3438 tent.
383 3396 438 3430 utta
454 3395 517 3430 etun
535 3375 651 3429 docendi
665 3377 774 3433 ratione
816 3378 865 3438 tio,
881 3395 963 3452 qnam
979 3397 1031 3453 pro
1047 3379 1230 3452 Quintiliano.

293 3463 409 3522 tradite.
450 3460 652 3538 Hermogenis.
689 3463 772 3514 etiem
857 3463 1057 3516 Sententiae-
1073 3464 1297 3520 ‹leriae-etlo-

293 3545 446 3620 intet·prete
472 3543 623 3606 Priscieno,
645 3543 773 3618 Aplnho·
815 3544 915 3620 legiae.
959 3550 1114 3606 „Sententia
1147 3547 1183 3602 est
1206 3549 1296 3603 oratio

293 3631 335 3686 aii
349 3645 376 3684 et
392 3629 523 3686 Tltconie.
814 3629 986 3706 „generalem
1034 3633 1296 3706 pronunciationem

306 3733 312 3746 ·
326 3714 394 3788 Jt'ilo
409 3717 527 3787 exigere.
559 3709 710 3768 scribendo
728 3731 773 3766 ex·
813 3713 945 3774 „lubens⁸
964 3715 1077 3768 hortem
1088 3713 1209 3786 aliquam
1225 3735 1295 3778 retu,

275 3799 431 3874 ,primern
450 3787 578 3876 ellingere
602 3797 636 3852 cl.
652 3811 711 3849 not.
728 3815 772 3850 ex.
812 3795 879 3858 „vel
896 3797 1035 3855 deterrent
1056 3829 1098 3842 -·
1119 3799 1166 3854 rel
1182 3799 1296 3854 demon·

292 3879 327 3934 ed
346 3902 370 3942 1,
387 3893 414 3948 5,
434 3897 450 3934 α
469 3885 598 3954 exigitur.
628 3881 710 3935 Stilus
724 3899 772 3956 op·
813 3881 932 3942 „strant.
976 3883 1057 3956 quale
1092 3881 1198 3956 aliquid
1235 3887 1297 3940 stu·

291 3965 413 4044 punitur
426 3963 553 4038 scrtnoni.
816 3965 942 4022 Priscian.
979 3985 1013 4020 ex
1051 3969 1229 4044 Hermogene
1267 3988 1297 4043 p·

333 4052 414 4114 etiem
431 4045 552 4124 dffcile.
590 4049 708 4109 Fateor,
728 4067 774 4102 me
815 4049 923 4104 Ptttlclt.
951 4063 1038 4118 1533.
1063 4043 1170 4124 „Quam
1197 4051 1297 4108 Graeci

263 4178 265 4186 ,
290 4129 416 4192 haerere.
432 4137 449 4186 li
465 4129 654 4204 consentiretis
668 4131 773 4208 profes·
814 4133 926 4208 „xpet'en
941 4151 1057 4196 vocent,
1078 4135 1113 4188 ell
1127 4153 1296 4189 commemo·

283 4214 393 4294 scribut
407 4213 632 4292 dicittudffcile
645 4217 675 4276 ld
690 4235 771 4292 opue.
813 4219 903 4278 ..ratio
931 4217 1049 4292 alicuine
1081 4219 1216 4276 oretiouie
1246 4215 1296 4276 rel
