2870 4792
1002 199 1007 238 l

363 393 366 405 «
467 355 587 424 INST.
616 355 821 428 ORATOR.
848 356 938 424 LIB.
962 355 999 442 1,
1028 379 1084 427 ιο.
1201 379 1272 448 233

275 557 371 618 tuor
398 541 515 617 lineis
542 565 652 617 areae
682 542 841 620 faciunt.
907 544 954 620 ld
984 543 1010 618 fi
1044 485 1275 646 computare

276 681 397 756 quem
413 659 538 756 piget,
557 659 809 736 brevioribus
825 663 1003 736 numeris
1020 660 1127 738 idem
1143 661 1273 738 diseat

274 795 367 849 narn
382 771 477 846 deni
493 775 536 847 in
552 773 747 872 quadrum
763 775 900 874 pedes,
928 775 1189 876 quadraginta
1202 803 1273 878 per

274 913 405 974 oram,
435 890 536 962 intra
560 905 719 964 centum
744 906 870 966 erunt.
925 895 975 965 At
1002 890 1030 966 li
1060 893 1272 990 quinideni

274 1027 343 1102 per
358 1004 495 1092 latera,
525 1005 640 1104 quini
657 1008 701 1080 in
715 1003 846 1080 fronto
861 1003 953 1090 fiut:
984 995 1030 1079 e'x
1048 1009 1133 1094 illo,
1160 1005 1273 1106 quod

273 1113 584 1216 amplectuntur,
613 1134 791 1220 quartam
812 1120 1010 1198 deducent
1035 1121 1176 1196 eodem
1197 1125 1273 1196 cir·

273 1232 500 1310 cumductu.
559 1237 601 1309 Si
614 1262 712 1310 vero
729 1239 900 1336 porrecti
919 1239 1122 1336 utrimque
1144 1237 1297 1314 unde-4

273 1349 404 1424 viceni
424 1334 587 1450 siugulis
605 1349 766 1438 distent,
795 1377 880 1432 non
899 1353 1032 1450 plures
1051 1353 1158 1426 intus
1175 1377 1272 1450 qua·

274 1461 403 1540 dratos
431 1465 653 1552 habebunt,
685 1491 806 1565 quam
834 1491 906 1566 per
930 1489 1030 1565 quot
1057 1467 1271 1566 longitudo

273 1575 459 1656 ducetur:
490 1607 592 1678 quae
614 1581 839 1658 circumibit
859 1596 992 1660 autem
1014 1583 1138 1668 haec,
1168 1593 1273 1676 ejus·

272 1689 364 1768 dem
383 1693 496 1796 spatii
517 1697 610 1783 erit,
640 1703 752 1788 cujus
776 1723 839 1785 eu,
870 1721 970 1796 quae
992 1713 1151 1772 centum
1176 1724 1272 1788 con·

272 1807 382 1886 tinet.
416 1801 420 1806 ’
439 1813 495 1884 Ita
513 1811 714 1910 quidquid
733 1811 883 1890 formae
899 1811 1079 1912 quadrati
1097 1812 1272 1887 detraxe·

272 1924 344 2012 ris,
372 1927 625 2026 amplitudini
640 1933 802 2026 quoque
820 1930 975 2028 peribit.
991 1939 1000 1950 ‘
1032 1933 1137 2027 Ergo
1152 1930 1299 2002 etiami

271 2035 315 2112 id
337 2036 421 2114 fieri
445 2039 589 2140 potest,
621 2059 668 2117 ut
688 2047 836 2135 maiore
858 2043 1028 2118 circuitu
1041 2045 1176 2118 minor
1193 2045 1272 2117 loci

272 2155 493 2254 amplitudo
519 2156 734 2232 claudatur.
795 2163 881 2231 Hoc
902 2160 945 2230 iu
967 2159 1105 2256 planis.
1164 2159 1272 2230 Nam

216 2269 316 2350 ¹¹lin
339 2271 508 2346 collibus
530 2273 782 2372 vallibusque
809 2271 926 2346 etiam
955 2273 1141 2370 imperito
1167 2285 1273 2370 patet

271 2386 363 2484 plus
387 2384 460 2462 soli
484 2383 576 2477 elle,
607 2379 726 2486 quam
748 2387 861 2464 coeli.
923 2385 1056 2490 Quid?
1093 2385 1203 2486 quod
1230 2383 1300 2458 sea

271 2500 408 2574 eadem
443 2505 658 2602 geometria
694 2502 799 2577 tollit
836 2500 886 2576 ad
922 2503 1115 2576 rationem
1144 2527 1272 2600 usque

270 2615 444 2692 mandit
474 2619 517 2692 in
544 2645 638 2718 qua,
668 2643 759 2694 cum
783 2615 957 2694 siderum
978 2631 1104 2692 certos
1129 2615 1272 2692 consti-

332 2812 469 2888 quadrum.
490 2813 583 2870 Gnell.
601 2817 739 2894 quadratu
768 2816 846 2872 ldeiu
860 2813 896 2868 etl
911 2813 940 2868 in
956 2812 1051 2868 Turic.
1062 2833 1125 2868 cum
1141 2812 1225 2892 gloll'a
1242 2815 1272 2868 iu

271 2897 409 2974 margiuet
439 2917 590 2972 gcoutetrae
613 2902 756 2976 quadrum.
784 2919 837 2956 non
858 2901 987 2976 quadrum
1013 2899 1113 2954 dicunt.
1169 2899 1221 2956 Sed
1245 2914 1272 2960 et

271 2981 345 3038 Vols.
362 2997 388 3036 2.
412 3001 474 3036 cum
492 2981 603 3038 duobus
619 2985 736 3040 Gotlttlt.
754 2984 878 3038 defendit
898 2997 1043 3057 receptam.
1161 2983 1273 3058 foratae

272 3065 404 3140 quadrati.
427 3067 632 3141 (inelijornme
645 3069 801 3144 quadratae.
816 3079 873 3122 notr
888 3067 967 3122 male.
1089 3064 1155 3142 soli.
1179 3065 1273 3124 Guelf.

268 3147 344 3224 solis,
363 3149 444 3206 orale.

314 3269 384 3322 intra
400 3281 466 3320 emt.
511 3267 585 3320 lutra
601 3283 655 3342 pro
671 3269 751 3328 intus,
829 3265 948 3342 soli-
968 3287 1047 3342 quam
1070 3255 1145 3320 coeli.
1190 3261 1272 3336 Quod

272 3351 653 3426 caveenirnpracpolitionem
661 3366 751 3425 putas.
793 3355 921 3426 imperitis
942 3368 1036 3426 patere
1055 3351 1093 3404 ait
1114 3353 1168 3422 Qu.
1188 3367 1273 3426 nego·

314 3437 343 3490 Si
361 3453 425 3489 vero
444 3463 484 3478 --
503 3437 621 3508 fingulit
644 3433 750 3510 distant.
794 3434 865 3490 tium
885 3437 985 3490 fact-llic
1006 3434 1138 3490 enulitis.
1160 3451 1221 3486 cunt
1239 3451 1273 3485 ue

271 3515 299 3570 lt.
325 3537 348 3572 e.
379 3522 398 3572 st
429 3517 516 3574 lineae
547 3519 689 3592 parallelae
720 3521 751 3572 in
793 3521 967 3576 Camerarius
991 3519 1104 3590 quidem
1126 3515 1273 3594 intelligat.

271 3602 461 3658 undevicenoa
498 3619 640 3677 porrectae
668 3605 753 3677 pedes
794 3607 929 3658 Gclncrna
948 3604 1055 3656 innota
1071 3601 1181 3654 doctior
1196 3599 1274 3654 vide.

270 3685 380 3743 'uomili
402 3687 486 3742 unius
508 3687 585 3760 pedit
603 3687 751 3742 intervallo
794 3701 841 3742 tur
854 3705 938 3759 qutun
954 3701 1006 3760 pro
1022 3688 1166 3740 onustum.
1210 3688 1276 3740 Coe·

272 3770 456 3830 dirimantur.
490 3789 543 3846 pro
564 3789 621 3844 quo
645 3785 753 3846 poterat
795 3774 850 3826 lum
864 3771 954 3844 accipe
969 3781 1059 3824 aerem
1080 3767 1273 3822 imminentem

273 3853 377 3910 dicere:
391 3855 418 3933 fi
427 3855 532 3932 smgktli
547 3855 752 3930 perlasiusrcu·
792 3856 859 3932 ¹otalii
882 3869 929 3908 ant
949 3857 1013 3910 colli
1022 3876 1030 3916 ς
1051 3853 1076 3906 it
1094 3871 1157 3907 curn
1176 3853 1274 3926 plamn

273 3955 299 3992 to
323 3939 389 4017 stat.
429 3943 561 3996 Ceterum
586 3943 673 4018 figura
693 3957 753 3994 uon
795 3943 843 4000 sn,
862 3941 957 3995 minna
975 3937 1170 4011 complectitur
1186 3937 1274 4010 spatii.

274 4041 359 4097 opat,
388 4043 470 4098 qnam
500 4025 695 4098 rnnauqnisque
717 4039 755 4078 at·
797 4043 879 4096 quam
904 4024 982 4080 collis
1005 4039 1166 4083 convexus.
1194 4020 1276 4080 vallia

276 4121 368 4164 tentus
392 4107 568 4163 nicodemo
590 4123 639 4165 aut
661 4107 758 4166 urimo
799 4127 931 4168 concava.

277 4189 355 4248 tactu
373 4191 424 4250 ubi
442 4193 538 4272 finget.
