2764 4796
194 459 197 467 Α
286 379 408 450 msa.
434 329 643 450 onnon
666 380 757 448 ma.
782 381 856 466 111,
882 383 915 448 a.
1031 397 1107 474 507¹

104 583 192 642 tum
213 563 264 640 de
287 563 412 656 facto,
451 579 716 666 quaereretun
785 569 876 644 Pars
897 564 1149 663 qualitatis‚41

102 677 276 780 quaeest
297 681 347 756 de
368 679 524 758 summo
540 703 702 783 genere,
729 705 819 756 raro
843 681 888 756 in
909 679 1107 773 judicium

39 798 236 878 249venit:
278 798 394 896 quale
421 795 496 886 est,
547 796 646 868 Idne
664 789 723 903 fit
747 790 964 901 honestum,
1003 797 1110 894 quod

99 910 229 1016 vulgo
259 912 473 990 laudatur?
510 909 818 1014 Succedentium
846 925 978 986 autem
1009 909 1107 987 aliae

102 1023 155 1100 de
181 1030 390 1103 communi
416 1027 699 1128 appellatione,
741 1041 810 1112 ut,
858 1027 964 1101 Sitne
977 1019 1107 1134 sacri-

103 1139 238 1244 legus,
268 1147 337 1243 qui
353 1148 556 1242 pecuniam
573 1145 777 1239 privatam
802 1141 1013 1236 extemplo
1029 1135 1107 1246 fu-

104 1272 217 1332 ratus
246 1253 335 1365 est?
391 1261 473 1334 Aut
501 1257 551 1334 de
577 1281 622 1330 re
651 1255 923 1344 denominata,
966 1254 1039 1329 ubi
1068 1270 1109 1328 et

102 1366 255 1446 factum
279 1369 353 1448 elle
373 1388 527 1448 cenum
550 1369 624 1462 est,
660 1397 736 1446 neo
754 1369 980 1458 dubitatur,
1009 1367 1110 1470 quid
1193 1369 1196 1378 '

103 1481 169 1574 fit,
206 1485 320 1584 quod
342 1485 490 1564 factum
513 1485 577 1562 est.
643 1487 721 1562 Cui
741 1485 942 1580 subjacent
970 1509 1109 1562 onmes

105 1597 157 1672 de
188 1596 377 1708 honestis,
424 1597 566 1708 justis,
623 1598 797 1690 utilibus,
849 1597 1104 1700 quaestiones.
1114 1620 1154 1686 42

104 1715 179 1790 His
210 1718 330 1790 etiam
360 1721 483 1792 ceteri
509 1715 627 1792 status
664 1717 863 1793 contineri
904 1714 1108 1824 dicuntqr,

105 1830 201 1924 quia
222 1846 262 1904 et
284 1833 479 1930 quantitas
502 1831 697 1910 modoad
715 1837 983 1924 conjecturam
1006 1825 1109 1908 refe-.-

104 1953 234 2033 ratur,
268 1961 336 2034 ut,
371 1946 556 2046 Majorne
568 1941 656 2056 sol,
684 1974 801 2048 quam
819 1947 955 2020 terra?
982 1943 1108 2022 modo

104 2056 155 2134 ad
192 2061 441 2159 qualitatem,
501 2063 663 2173 Quanta
704 2087 834 2160 poena
877 2064 1110 2159 quempiam,

103 2189 302 2270 quantove
318 2181 517 2273 praemia,
532 2171 592 2284 sac
605 2167 709 2282 affici
725 2171 904 2281 justum?
932 2190 972 2248 et
986 2189 1110 2276 tranq·
1158 2175 1162 2184 ’

105 2285 199 2365 latio
221 2287 406 2368 versetur
432 2293 535 2366 circa
556 2289 805 2390 qualitatem:
858 2303 899 2363 et
926 2286 1109 2366 definitio
1183 2346 1186 2356 .

103 2449 251 2516 latonam,
280 2468 308 2508 et
322 2457 439 2510 animum
459 2451 587 2514 faciendi,
669 2451 876 2508 aliua—Aut.
916 2450 962 2508 Ad
981 2452 1054 2509 aliae
1068 2452 1110 2509 in·

103 2533 131 2588 in
146 2557 216 2614 quae
236 2555 335 2593 umen
348 2538 405 2612 ipla
419 2555 531 2610 quoque
546 2555 589 2590 aa-
629 2535 725 2616 telliga
740 2553 840 2612 partas.
877 2534 931 2592 sed
953 2535 1030 2610 quod
1050 2536 1111 2592 iub·

102 2617 142 2674 dit
151 2621 233 2678 statua
249 2619 459 2694 conjecturalia.
626 2621 726 2694 jicitur
743 2623 815 2683 Aac,
843 2638 896 2696 pto
913 2639 970 2694 quo
987 2635 1112 2696 expecta-

141 2706 335 2782 qualit.·—da
344 2707 452 2782 Jaaamo
465 2723 528 2780 gan.
551 2702 587 2758 al'.
628 2705 676 2760 baa
697 2707 769 2760 aliae
790 2705 912 2774 iterum,
939 2704 970 2760 id
995 2705 1111 2780 qnidam

101 2801 128 2856 7.
148 2799 178 2862 4,
203 2807 232 2847 1.'
629 2789 702 2844 mihi
732 2809 816 2864 quam
844 2789 967 2846 maxime
996 2789 1114 2846 videtur

145 2875 271 2930 ωηο-
285 2873 423 2930 laudatar.
465 2875 511 2928 Ex
525 2871 589 2928 Ari-
630 2872 760 2930 insulana.

106 2952 187 3030 lllppi
195 2959 325 3016 doctrina
341 2959 440 3035 (Diog.
456 2959 549 3014 Laert.
560 2971 589 3017 a.
671 2977 701 3014 ra
726 2957 906 3012 danoaainata·
949 2957 1114 3032 Opponitnr

109 3045 173 3116 93)
191 3037 274 3112 palia
300 3072 342 3086 -
366 3033 432 3098 altae
451 3035 530 3112 φύσει
552 3031 590 3096 lt-
631 3044 762 3100 communi
782 3040 977 3114 appellationi,
998 3059 1053 3115 qua
1074 3058 1114 3098 to.

107 3143 198 3198 utta,
226 3117 245 3194 ai
264 3123 398 3206 αἰσχρόν·
424 3119 504 3182 latui
519 3120 589 3194 νὸμῃ
632 3141 694 3192 tum
709 3122 823 3198 aliquod
839 3127 1114 3202 gmoalitcompra·
1220 3117 1230 3134 ’

108 3203 155 3262 καὶ
176 3208 241 3268 llo.
309 3212 386 3268 Huia
405 3213 528 3287 opposita
553 3208 590 3264 all
631 3207 821 3271 handendunn
842 3225 901 3268 aaa,
923 3227 993 3282 quaa
1009 3227 1114 3266 noman

108 3292 283 3360 Stoicorum,
306 3315 376 3370 quoa
393 3299 499 3352 secutus
514 3295 592 3352 Clat-
632 3297 714 3352 laum
735 3295 792 3366 jam
815 3291 965 3366 acceperit,
986 3309 1114 3368 propter.

109 3391 142 3427 ro
156 3375 190 3430 ἀι
205 3381 301 3436 Finib.
319 3395 347 3442 a,
366 3393 403 3449 15
431 3385 530 3458 .,Ego“
552 3379 591 3434 ait
633 3399 719 3453 eaque
734 3395 806 3434 carta
822 3377 871 3437 ln,
895 3377 925 3430 in
946 3395 1056 3450 quaque
1078 3377 1113 3434 da

109 3457 231 3530 „iudico'
238 3493 281 3508 -
307 3465 383 3538 quotl
398 3468 486 3520 -lit
499 3463 592 3539 ipsum
633 3467 737 3522 aoaaiaa
749 3463 805 3536 jam
818 3479 875 3516 non
890 3477 1048 3534 quaeratur.

111 3561 181 3616 „par
205 3549 230 3602 l’e
251 3565 359 3604 reatum
374 3565 457 3624 atqua
470 3547 594 3604 laudabi·
673 3550 809 3626 quantitas
823 3575 865 3590 -
879 3547 1044 3620 qualitatem
1065 3545 1110 3602 ΘΓ.

114 3623 167 3686 alt,
189 3633 299 3688 nonob
313 3651 371 3688 eam
386 3637 593 3689 caulamtatuen
636 3649 664 3703 7,
680 3647 708 3694 a.
724 3631 753 3688 6.
775 3633 807 3688 it.
844 3651 896 3692 .a.

114 3737 175 3774 ····.
196 3714 253 3770 dial
276 3715 413 3792 honestam
434 3717 502 3778 alle,
528 3717 594 3792 quia
678 3719 832 3774 translatio.
862 3715 999 3790 Quoniam
1015 3715 1113 3792 etipsa

115 3793 260 3856 „laudatar
282 3823 301 3856 a
324 3803 428 3864 maltis,
459 3801 502 3857 ted
527 3801 593 3874 quia
632 3797 737 3872 ‹lajara
751 3801 890 3876 disceptat,
910 3800 1114 3874 quanquamda

116 3876 189 3934 Μ·
205 3884 253 3944 stt.
276 3901 318 3946 ut,
341 3885 595 3964 valstignotaaeut
636 3886 693 3942 [olo
710 3889 823 3944 actionis
838 3887 910 3958 jure.
942 3885 1112 3940 annotat

117 3958 164 4016 ..id
182 3961 326 4031 homiues.
344 3969 392 4026 val
408 3973 426 4024 ti
442 3970 595 4025 obmutuil·
636 3971 661 4040 q.
681 3990 728 4023 ιι.

116 4043 202 4105 ,.lant,
224 4049 269 4102 lna
280 4067 370 4108 tamen
385 4051 595 4129 pulchritudine
685 4053 808 4124 definitio
842 4083 886 4098 -
922 4055 1115 4110 translationis.

118 4126 217 4186 „elren
263 4135 402 4214 [petitque
431 4135 596 4192 laudabila.“
638 4137 778 4210 Quoniam
792 4137 949 4194 desolando
965 4137 1117 4192 amolimur

120 4207 164 4260 Cf.
182 4209 288 4270 deofl.
310 4239 335 4284 ι,
359 4235 379 4294 4
401 4237 474 4278 extr.
638 4219 748 4275 anobis
765 4237 840 4282 tam.
861 4241 931 4296 quaa
952 4221 1118 4282 intenditur.
