2794 4794
200 347 204 360 '
267 397 317 464 50
446 385 449 396 ·
514 377 571 449 nr.
594 377 696 448 rio.
710 329 1036 470 'omurnnur

163 567 167 573 “
266 567 367 645 Non
395 563 486 644 ellet
516 569 572 657 in
593 567 713 642 rebus
745 563 932 641 humanis
959 563 1206 664 eloquentia,
1240 563 1272 642 li

268 700 424 760 tantum
443 709 536 760 cum
556 679 719 784 fingatis
737 681 1008 780 loqueremur.

351 918 416 990 111.
454 913 618 992 Tradito
647 911 718 986 fibi
743 937 891 1014 puero,
919 910 1093 988 docendi
1117 914 1316 1011 peritusss

265 1033 477 1132 ingenium
493 1035 579 1124 ejus
605 1030 648 1102 in
669 1030 809 1128 primis
835 1043 1097 1129 natmumque
1121 1025 1273 1128 perspi·

266 1149 351 1220 ciat.
409 1146 567 1246 Ingenii
590 1141 745 1244 lignum
770 1146 815 1218 in
838 1146 972 1243 parvis
995 1145 1271 1244 praecipuum,

264 1263 457 1338 memoria
474 1259 539 1336 est.
598 1265 642 1354 Ei
649 1285 692 1334 us
710 1258 861 1360 duplex
876 1261 1024 1348 virtu5‚
1046 1242 1163 1332 facile
1178 1283 1270 1358 per·

265 1379 417 1478 cipere,
456 1391 495 1450 et
531 1372 703 1450 fideliter
731 1375 946 1450 continere.
1013 1375 1268 1464 Proximum,

209 1501 214 1512 '
262 1495 454 1569 imitatio:
485 1517 578 1568 uam
596 1489 640 1564 id
664 1515 828 1590 quoque
847 1488 902 1564 est
918 1489 1059 1565 docilis
1079 1503 1266 1581 naturae:

263 1607 316 1684 lic
336 1624 487 1696 tamen,
517 1622 564 1681 ut
586 1627 651 1694 ea,
681 1629 784 1704 quae
812 1601 946 1694 discit,
973 1602 1147 1704 effingat,
1179 1630 1268 1681 nou

261 1723 445 1800 habitum
461 1719 565 1798 forte
582 1737 621 1794 et
636 1717 847 1808 incestum,
875 1735 915 1794 et
931 1719 959 1796 fi
974 1719 1075 1820 quid
1092 1721 1135 1794 in
1150 1723 1266 1820 pejus

237 1837 440 1916 enotabile
464 1835 526 1914 est.
588 1838 688 1911 Nou
720 1833 829 1908 dabit
859 1837 962 1910 milri
993 1833 1103 1936 ip'em
1136 1836 1266 1912 bonae

260 1951 430 2042 indolis,
467 1952 540 2052 qui
570 1951 649 2027 hoc
685 1949 871 2024 imitandi
896 1949 1029 2026 studio
1054 1965 1180 2052 petet,
1216 1967 1266 2028 ut

204 2167 206 2172 Ι
260 2065 448 2142 rideatur.
490 2091 584 2142 nam
602 2065 754 2166 probus
772 2091 934 2166 quoque
958 2068 1002 2142 in
1023 2068 1162 2166 primis
1187 2069 1265 2143 erit
1359 2153 1361 2158 ¹

259 2181 331 2259 ille
344 2207 439 2260 vere
458 2178 710 2284 ingeniosus:
740 2182 893 2281 alioqui
908 2207 993 2258 non
1011 2187 1122 2282 pejus
1137 2182 1265 2260 duxe-

260 2300 339 2374 rim
363 2298 467 2374 tardi
489 2294 563 2372 elle
584 2297 758 2396 ingenii,
788 2323 909 2397 quarn
933 2298 1038 2374 moli.
1107 2299 1264 2376 Probus

261 2430 394 2490 autem
414 2413 553 2488 abillo
577 2411 689 2514 segni
713 2428 752 2487 et
775 2419 924 2508 jacente
948 2415 1172 2513 plurimum
1194 2415 1264 2488 ab·

233 2532 349 2610 uerit.¹
404 2531 480 2605 Hic
503 2553 637 2618 meus,
673 2553 775 2628 quae
797 2520 1022 2618 tradentur,
1052 2553 1137 2604 non
1159 2528 1263 2606 diffi-

229 2677 240 2690 ·
258 2646 387 2719 culter
409 2645 593 2744 accipiet:
623 2642 817 2744 quaedam
841 2646 959 2720 etiarn
977 2645 1261 2748 interrogabit:

256 2755 444 2857 sequetur
489 2775 619 2832 tamen
667 2759 809 2858 magis,
852 2785 973 2858 quarn
1021 2777 1259 2860 praecurret.

254 2873 365 2949 Illud
388 2874 647 2975 ingeniorum
668 2873 781 2948 velut
803 2899 972 2974 praecox
997 2899 1143 2976 genuS,
1172 2903 1260 2956 non

253 3085 409 3162 impeditur
429 3101 522 3142 tamen
540 3087 749 3162 quodammodo
771 3087 878 3150 oratio,
899 3089 976 3164 quod
991 3089 1062 3148 deest
1080 3089 1120 3164 rii
1134 3097 1259 3155 videam

252 3174 334 3229 suum
349 3171 511 3248 subjectum.
533 3176 578 3228 An
589 3173 649 3246 post
656 3171 745 3249 finu'le
753 3175 858 3228 excidit
867 3175 921 3235 ille,
930 3190 962 3230 ut
976 3193 1092 3233 moneor
1098 3177 1133 3234 ab
1143 3181 1257 3238 amico?

253 3257 385 3336 incestius.
406 3257 502 3314 Mirus
519 3257 714 3312 enervarentur
730 3255 819 3314 Codri.
835 3277 887 3334 pro
903 3258 958 3314 lroc
972 3261 1111 3318 vocabulo
1127 3264 1255 3322 dantium

253 3341 405 3422 ingrrffum.
455 3345 497 3395 lta
519 3341 593 3396 eninr
615 3339 690 3396 Flor.
715 3343 786 3410 (lec.
812 3345 897 3420 Reg.)
921 3343 995 3402 Vols.
1014 3365 1039 3400 r.
1064 3361 1092 3400 α.
1117 3362 1145 3415 3.
1171 3349 1254 3406 Bodl.

251 3429 332 3488 Joaa.
350 3423 427 3482 alm.
445 3425 531 3482 Goth.
548 3425 562 3496 (
570 3439 620 3480 tac.
638 3427 733 3494 Geln.)
752 3425 844 3480 Guell.
861 3431 978 3506 Argeut.
994 3429 1064 3498 (sec.
1079 3431 1173 3503 obn).
1216 3437 1255 3489 Et

250 3509 373 3586 praefert
389 3509 470 3566 codd.
485 3513 648 3585 scripturam
661 3511 791 3565 Davifius
806 3509 840 3564 id
856 3511 913 3575 (Nc.
929 3511 963 3567 de
977 3515 1044 3572 Nat.
1060 3517 1147 3572 Deor.
1160 3537 1186 3579 ι,
1203 3529 1253 3594 54.

250 3593 381 3672 ingreffus
401 3610 493 3650 tomen
515 3614 581 3650 roro
604 3609 714 3650 tanturn
736 3613 779 3670 ap.
797 3595 923 3652 nostrum
940 3617 992 3671 pro
1007 3600 1120 3676 incessu,
1148 3617 1176 3658 et
1196 3603 1255 3678 ple,

249 3697 370 3754 rumque
384 3697 437 3754 pro
450 3683 535 3736 initio.
572 3680 722 3753 Aequielco
736 3679 825 3758 igitur
838 3697 955 3756 recepta,
971 3701 1034 3736 curn
1049 3687 1103 3738 lino
1117 3687 1253 3744 verietate

249 3759 335 3818 ruodo
352 3763 439 3818 fuerit
453 3763 577 3842 inceffum
590 3769 635 3833 (2,
650 3767 713 3834 δι.)
727 3763 828 3818 etalii:
842 3779 982 3838 praeterea
996 3766 1067 3822 locis
1081 3767 1199 3847 legatur.

175 3867 179 3875 ·
247 3865 376 3920 praecox.
420 3850 530 3904 Praeter
544 3846 630 3903 Goth.
650 3847 701 3920 qui
722 3863 813 3902 tamen
835 3850 866 3902 in
886 3851 1012 3930 margine
1033 3850 1114 3908 habet
1130 3875 1252 3930 praecor:

197 3935 201 3944 '
246 3931 333 3985 etiam
347 3929 441 3986 Guell.
456 3952 592 4008 praeceps.
614 3932 691 4008 quod
704 3933 839 3987 Grinerns
854 3935 990 4008 praefert.
1011 3923 1189 3994 referendum
1205 3941 1253 4013 (ut

243 4143 446 4209 compererunt,
461 4131 590 4185 allectum
606 4131 666 4186 elle.
691 4131 727 4187 cf.
769 4133 926 4188 Gracu'lrno
971 4133 1077 4189 tirone:
1111 4138 1251 4216 Vigerunr

130 4244 141 4267 a
246 4233 279 4276 ι,
301 4227 337 4288 4.
362 4227 411 4288 29.
463 4215 583 4275 Videant
611 4215 646 4269 ‹le
672 4213 728 4270 lroc
768 4217 871 4270 Zeunii
891 4235 919 4292 p.
936 4215 1005 4292 269.
1021 4219 1076 4294 leq.
1168 4293 1174 4304 .
