2840 4778
408 503 414 512 Ι
451 347 807 468 rnrrrrrro.
1048 419 1142 472 am

132 603 186 664 taa
211 605 299 664 non
317 581 587 688 praetermili,
614 585 738 684 magis
762 600 893 660 tamen
918 579 1049 662 adhuc
1068 615 1139 666 ,oc-
1187 611 1197 618 ·

136 737 293 824 cupauu
323 721 371 794 in
396 717 486 808 illa,
543 721 733 820 quoniam
757 717 932 796 hicnon
960 697 1138 798 nisiexi·
1223 709 1238 727 ”

141 881 249 957 guam
263 856 454 956 priorum
476 853 674 932 librorum
695 835 847 954 partem
865 858 910 930 in
931 861 1136 958 epitomen

150 989 246 1066 luam
273 989 457 1066 contulit
542 991 605 1065 Sic
641 991 900 1066 brevillrmam
934 990 1142 1094 scriptoria

156 1125 231 1199 mei
253 1124 476 1222 particulam
510 1149 531 1198 a
562 1123 734 1202 Gedikio
765 1130 809 1200 V.
842 1123 975 1202 Celeb.
1004 1131 1135 1230 patrio

170 1252 314 1333 immone
337 1257 537 1334 redditam
561 1259 607 1334 in
636 1260 740 1336 libro
764 1261 832 1335 cui
854 1261 1018 1340 titulum
1038 1259 1134 1338 fecit

178 1388 416 1470 Aristoteles
444 1393 544 1472 und
571 1391 824 1484 Baledow,
853 1395 1040 1470 comitem
1063 1397 1134 1469 ha·

40 1571 54 1593 .
181 1521 229 1598 bui
248 1525 373 1616 laboris
388 1531 490 1618 mei,
518 1525 605 1620 sed,
633 1529 747 1630 quod
767 1529 964 1619 dolebam,
991 1554 1134 1630 parum

176 1653 372 1738 diuturnam.
411 1666 415 1679 ’
431 1666 580 1741 Evolvi
594 1667 713 1742 etiam
728 1665 902 1740 Italicam
915 1663 1027 1740 Fabii
1043 1689 1130 1742 ver·

173 1787 297 1884 ionem,
307 1797 450 1874 editam
460 1801 647 1876 Vercellis
669 1821 775 1895 1730
792 1826 815 1874 a
830 1801 1009 1890 Garillio,
1025 1805 1132 1878 Tau·
1273 1908 1275 1918 Ι

171 1925 291 2019 ment,
314 1931 378 2007 led
398 1935 479 2010 cito
498 1935 632 2028 abjeci,
663 1961 755 2012 cum
772 1961 846 2024 eas,
877 1961 974 2036 quas
988 1935 1131 2014 titulus

172 2061 398 2159 pollicebatur,
427 2085 541 2146 notas
556 2066 714 2146 nonnisi
731 2097 780 2146 ex
795 2070 1028 2170 vulgaribus
1044 2069 1130 2146 edi·
1245 2147 1248 2154 ,

173 2193 310 2276 tionibus
331 2201 498 2279 corrasus
521 2204 720 2294 viderem,
748 2202 998 2306 agnoscerem
1018 2229 1130 2296 vcro,
1166 2255 1167 2258 π

174 2325 322 2428 imparem
339 2337 521 2440 profecto
541 2339 591 2414 ad
614 2339 811 2440 hocopus
829 2335 1028 2428 accelliffe,
1055 2339 1130 2438 qui

176 2466 356 2564 panariam
373 2477 485 2551 illam
507 2469 841 2576 Argentorateulls
862 2471 1022 2550 Codicie
1037 2469 1130 2548 scri·

170 2613 354 2699 pluum5,
387 2631 435 2704 7,
468 2633 537 2700 19,
575 2609 649 2685 ubi
675 2612 762 2686 Irus
787 2607 1020 2708 reponitur,
1055 2605 1131 2682 hac

171 2746 381 2820 montione
411 2740 652 2818 iustruxillet
682 2741 812 2818 dicam
846 2767 896 2818 an
925 2738 1129 2844 inquinat-

164 2865 226 2947 set:
246 2873 293 2986 ,fi
304 2881 439 2956 crede“
471 2880 515 2974 (o
537 2875 754 2980 fimplicem
771 2895 1026 2968 narratorem,
1055 2877 1129 2978 qui

160 3007 290 3092 uallum
316 3013 437 3092 suum
465 3015 692 3113 interponat
714 3013 954 3116 judiciuml)
988 3013 1079 3104 „che
1099 3011 1130 3088 it

160 3137 563 3259 ‚lestustasconciotu“
606 3147 771 3226 Adeone
786 3149 992 3250 ignorabat
1005 3151 1129 3238 Irum,

48 3306 55 3387 ζ
158 3291 194 3350 ut
216 3283 307 3362 miro
345 3285 467 3391 {Quota
505 3281 683 3360 lanatum
716 3285 853 3360 locum
889 3285 1007 3358 etiam
1042 3305 1138 3382 cor·¹

52 3440 57 3465 ¹
153 3430 292 3514 mltum
308 3417 497 3507 “edereb
527 3421 719 3519 quoniam
735 3417 825 3494 [ane
848 3420 1130 3534 Capperonne·

33 3738 60 4153 l

153 3547 229 3640 rius,
253 3579 300 3628 ex
323 3577 407 3652 quo
433 3551 517 3629 fere
538 3549 702 3654 pendet,
721 3553 781 3628 -ad
799 3557 1022 3630 Homerum
1043 3571 1128 3628 non

50 3658 60 3683 ⁸
151 3681 344 3790 ablegabit,
375 3689 488 3789 quod
506 3687 629 3768 modo
646 3689 692 3764 in
709 3681 885 3764 Therfite
903 3681 1072 3762 fecerat?

214 3961 325 4035 Dum
348 3983 446 4034 vero
465 3957 648 4060 priorum
672 3959 715 4033 in
738 3955 929 4060 scriptore
954 3979 1047 4032 meo
1069 3977 1130 4031 er·

142 4119 240 4174 rores
261 4093 389 4170 libere
407 4109 519 4184 noto,
547 4120 634 4172 nou
656 4089 746 4170 lum
762 4095 922 4194 ignarus
945 4083 1148 4192 quantam
