2870 4792
226 413 228 418 ’
294 477 316 518 ·.
340 427 462 498 INST.
487 427 695 502 cattoit
720 429 811 500 LIB.
831 432 879 519 11,
904 449 942 517 ¹5.
1069 431 1143 536 ⁸69
1246 451 1249 464 '

138 646 229 709 mo,
256 591 349 720 qfiia
370 643 491 696 nemo
516 613 565 694 lic
586 619 631 694 in
658 617 874 712 majoribus
900 621 1067 711 eminet.
1096 635 1144 700 ut

139 761 237 812 eum
261 737 419 816 minora
442 731 636 808 deficiant.
671 732 746 812 nili
765 731 870 812 forte
889 741 1028 819 lovem
1051 739 1142 838 qui·

138 851 233 927 dem
253 849 413 926 Phidias
437 852 589 951 optime
612 847 727 940 fecit,
759 850 828 926 illa
854 845 1008 942 autem,
1037 878 1141 954 quae

77 969 183 1050 rasin
212 979 492 1042 ornamentum
524 965 655 1064 operis
684 969 768 1060 eius
799 967 1010 1058 accedunt,
1037 969 1140 1046 aliua

136 1081 281 1156 melius
302 1075 544 1172 elaborall'et3
584 1095 653 1156 aut
678 1097 812 1158 orator
835 1082 951 1182 loqui
976 1079 1143 1178 nescietg

136 1213 204 1274 aut
222 1196 395 1272 leviores
414 1196 576 1271 morbos
591 1219 727 1274 curare
745 1221 831 1273 non
848 1201 995 1300 poterit
1012 1197 1158 1274 medi-'

137 1338 204 1390 cus
240 1307 587 1412 pmestantiffirnua
655 1310 764 1418 Quid
801 1313 922 1412 ergo?
960 1337 1046 1389 non
1081 1310 1164 1388 esta

137 1425 330 1530 quaedam
346 1426 574 1525 eloquentia
587 1429 734 1518 major,
764 1451 886 1526 quam
900 1441 948 1503 ut
969 1451 1056 1502 eam
1075 1429 1139 1504 in·

134 1544 296 1620 tellectu
331 1533 520 1640 consequi
561 1541 728 1642 puerilis
763 1537 970 1619 infirmitas
999 1541 1169 1644 poffitt‘

134 1661 217 1760 Ego
237 1679 338 1733 vero
357 1652 568 1734 confiteor:
597 1653 665 1731 led
684 1655 795 1732 hunc
815 1648 1006 1736 disertum
1025 1683 1139 1760 prae·

135 1787 356 1876 ceptorem,
384 1769 623 1872 prudentem
646 1795 828 1874 quoque,
856 1787 896 1847 et
918 1797 1003 1852 uon
1026 1774 1138 1876 igno·

135 1915 224 1967 rum
252 1885 447 1975 docendi,
483 1881 557 1962 elle
586 1887 805 1990 oportebit,
839 1886 1138 1966 submittentem

134 2002 172 2080 le
204 2001 257 2080 ati
289 1999 521 2096 mensuram
551 1999 755 2079 discentis:
796 2019 843 2080 ut
874 2002 1139 2083 velociffimua

126 2122 323 2222 quiaque,
350 2113 384 2217 si
396 2113 501 2194 forte
522 2118 598 2192 iter
616 2141 709 2194 cum
726 2119 897 2230 paryulo
910 2116 1046 2210 faciat,
1070 2118 1138 2226 det

133 2259 317 2322 manum,
349 2248 389 2308 et
412 2230 580 2333 gradum
604 2229 723 2308 suum
744 2233 918 2326 minuat,
946 2257 1020 2310 nec
1044 2258 1140 2334 pro·

132 2467 371 2570 plerumque
385 2461 547 2552 accidit,
576 2477 622 2538 ut
635 2457 815 2538 faciliora
833 2457 909 2538 srnt
924 2461 975 2538 ad
990 2463 1140 2538 intelli-

133 2581 312 2682 gendum
327 2593 365 2654 et
381 2575 579 2654 lucidiora
592 2577 743 2668 multo,
771 2601 870 2678 quae
886 2603 907 2652 a
923 2575 1139 2656 doctillimo

134 2719 298 2800 quoque
326 2689 546 2768 dicmrtur‘l
610 2693 718 2766 Nam
745 2705 784 2768 et
812 2693 940 2792 prima
971 2689 1026 2768 est
1055 2694 1138 2772 eloe

132 2811 318 2912 quentiae
340 2809 489 2898 virtus,
527 2801 803 2908 perspicuitas,
841 2821 898 2896 et,
935 2834 1018 2908 quo
1048 2811 1140 2908 quia

130 2927 295 3030 ingenio
320 2923 456 3000 minua
481 2923 607 3012 valet,
634 2921 713 3032 hoc
739 2917 779 2997 le
806 2923 932 3023 magis
960 2923 1139 3000 attollere

191 3161 362 3242 eleboraffer.
407 3165 500 3226 Guelt
509 3167 606 3224 Turie-
622 3167 709 3226 Gora.
727 3183 755 3224 et
768 3165 840 3228 Jent
856 3173 872 3242 (
879 3183 930 3224 tec.
945 3169 1047 3237 Gelu.)
1061 3169 1138 3227 talo·

130 3248 212 3328 ,reffet
226 3264 255 3304 et
270 3253 304 3303 stc
316 3249 443 3328 plerique
457 3251 547 3310 Corltl.
563 3267 595 3308 ut
609 3265 636 3307 et
649 3251 713 3308 eald.
719 3267 792 3310 vett.
809 3271 902 3332 utque
915 3253 1051 3329 exemplis
1064 3269 1138 3314 cerer

133 3335 193 3388 uiue
210 3333 354 3391 laborandi
368 3336 535 3399 transitivur,
551 3351 582 3391 ur
598 3350 642 3398 ra,
658 3337 686 3400 6,
702 3349 722 3406 5
739 3337 911 3398 „laborarem
923 3365 965 3380 -·
979 3337 1089 3392 dicrum
1106 3355 1138 3394 ec

132 3419 275 3476 „noctium
289 3417 379 3476 studio
393 3421 561 3476 actionem.u
582 3421 686 3477 sterius
701 3421 790 3476 Theb.
805 3435 840 3490 5.
857 3435 918 3496 279
938 3421 1024 3476 Marti
1041 3410 1137 3480 Ve'rttte

133 3501 166 3554 de
188 3499 313 3562 Vulcano
334 3505 459 3580 „ipsique
480 3505 586 3563 laboret
604 3509 686 3562 Arme
708 3505 790 3562 ὢν(
831 3505 921 3561 Tacit.
939 3509 1033 3562 Germ.
1054 3523 1077 3560 c.
1094 3515 1137 3579 45

130 3585 299 3645 „Frumento
320 3605 481 3670 curatorque
500 3589 608 3648 iremus
626 3617 669 3638 ·-
684 3590 842 3646 barnatu
884 3588 938 3646 &erl
953 3605 981 3646 et
995 3587 1138 3648 elaborare

132 3667 207 3744 ieepe
227 3671 327 3728 noller.

133 3851 176 3908 tm
190 3851 225 3908 ed
239 3856 306 3914 anis
322 3857 490 3926 formalem,
507 3855 614 3938 regulis
655 3851 709 3912 dur
729 3857 905 3936 fignificetur.
940 3855 982 3934 fic
1000 3885 1041 3902 -··
1056 3873 1086 3914 et
1101 3857 1139 3912 eli

135 3935 265 3997 omubur
280 3941 419 4004 instructa.
441 3943 554 4004 recellit.
568 3961 615 3997 ne·
650 3959 720 3996 cum
740 3941 832 3994 ironia
862 3937 968 3995 dictum
996 3961 1050 4017 pro
1077 3941 1137 3996 bier
1236 3952 1240 3964 '

131 2351 242 2428 cedat
277 2349 402 2435 ultra,
432 2371 553 2454 quam
582 2369 714 2426 comes
743 2345 863 2448 poffit.
933 2347 1071 2454 Quid?
1108 2345 1166 2428 sta

1411 3927 1414 3974 ⁴

135 4037 188 4094 que
213 4023 366 4100 quidqtum
393 4025 476 4084 bibet
505 4027 615 4083 obscuri
656 4037 713 4080 tera
729 4025 813 4086 miro,
835 4021 972 4086 munatio.
991 4025 1080 4082 ιιιοάο
1096 4055 1138 4070 -

133 4119 182 4158 eut
194 4103 301 4164 inani.
329 4109 389 4165 vid.
404 4127 461 4168 aot.
478 4113 549 4168 Crit.
655 4122 689 4164 ae
705 4124 756 4164 eet.

171 4186 212 4264 su·
233 4195 336 4248 eminet.
377 4197 452 4252 Cave
469 4193 512 4273 fir·
528 4196 616 4250 iuret·
697 4194 786 4269 loqu',
806 4189 885 4266 quod
899 4189 985 4268 longe
999 4191 1141 4248 minnecll

133 4275 252 4346 preterit
276 4291 433 4352 tantopere,
454 4282 529 4356 quoii
552 4297 614 4358 gre·
653 4291 739 4354 quam
759 4277 854 4335 dicere.
