2840 4778
309 375 389 462 ev
471 353 473 371 ¹
636 284 975 437 unaarum.
1039 397 1043 405 .

301 537 442 640 „cepit
462 559 512 610 ex
531 531 764 635 ipsc'Sancti
787 531 891 608 Galli
913 529 1192 608 bibliothecw
1247 535 1316 609 Vi-

313 674 453 752 demus
477 683 614 758 autem,
628 666 771 755 modo,
804 663 899 740 teste
924 666 1205 768 Sulzbergero‚
1234 674 1317 746 Tu.

313 815 445 890 ricum
468 806 702 882 translatum
726 798 800 876 elle
823 801 994 890 librum,
1044 801 1168 898 hujus
1195 801 1319 882 seculi
1362 817 1366 826 '

312 947 444 1024 initio.
480 945 559 1053 ¹Ita
578 939 745 1042 pulchre
764 937 1013 1014 conveniunt
1037 939 1184 1014 omnia.
1243 938 1320 1016 Sed

316 1078 441 1159 obstat
474 1074 627 1152 summa
661 1071 849 1176 Bendinii
886 1072 1095 1148 auctoritas
1133 1070 1320 1163 testantis,

316 1213 509 1294 Codicem
539 1209 656 1286 illum
690 1208 889 1308 aPoggio
921 1207 1137 1282 inventum
1174 1205 1322 1286 servari

274 1345 278 1352 ’
315 1353 360 1426 iu
385 1349 533 1450 pluteis
554 1331 804 1424 Florentinis.
864 1342 1010 1440 Neque
1033 1341 1144 1416 enim
1165 1341 1322 1420 dubitat

316 1485 417 1585 quin
439 1485 507 1560 hic
529 1477 617 1580 ipse
633 1476 696 1566 lit,
730 1501 851 1576 quem
872 1471 1045 1550 recenset
1063 1475 1108 1550 in
1129 1477 1320 1580 Catalogo

296 1618 516 1698 'codicum
548 1613 784 1690 Latinorum
821 1608 1085 1686 bibliothecae
1113 1613 1322 1690 Mediceae

154 1744 163 1752 ’
314 1751 600 1830 Laurentianoe
629 1751 674 1820 T.
698 1765 734 1816 a.
764 1769 802 1842 p.
820 1761 913 1830 382.
958 1747 1091 1822 Miror
1107 1761 1243 1826 tamen
1265 1753 1322 1824 vi.

315 1908 409 1962 rum
435 1879 697 1973 doctiffimurrr
723 1881 876 1957 nullam
900 1876 1027 1955 tacere
1051 1881 1212 1963 itineris
1236 1887 1322 1960 Mo·

314 2017 547 2112 billouiani,
575 2017 768 2114 incoque
785 2013 916 2104 illius,
950 2041 1072 2114 quem
1096 2016 1228 2094 modo
1251 2044 1323 2118 po·

313 2151 395 2242 sui,
424 2153 505 2230 loci
529 2151 784 2228 mentionem.
844 2153 954 2256 Quin
974 2152 1083 2228 enim
1111 2152 1324 2230 undecimi

312 2286 437 2364 seculi
466 2289 576 2384 (nam
594 2291 678 2378 eius
697 2287 886 2388 temporis
900 2281 974 2360 elle
993 2283 1146 2388 statuit)
1170 2291 1324 2366 librum

314 2438 354 2498 et
375 2423 601 2522 exemplum
622 2421 823 2514 ejusdem,
861 2418 1145 2522 transcriptum
1169 2424 1324 2526 quinti·

249 2598 253 2610 x
314 2553 461 2632 decimi
479 2554 602 2630 seculi
617 2539 748 2648 initio,
776 2556 901 2657 probe
923 2555 1158 2670 dignoscere
1180 2575 1325 2660 potue·

312 2694 366 2768 rit
382 2690 619 2779 Bandinius,
652 2717 772 2767 nemo
803 2691 1010 2767 dubitabit.
1068 2695 1240 2771 Nititur
1261 2692 1329 2772 'au-

189 2810 192 2821 '
313 2843 395 2902 tem
424 2823 660 2902 Clariffimus
679 2825 1012 2947 bibliothecarius
1043 2831 1205 2930 magnis
1232 2853 1325 2931 pro-

172 2968 175 2977 '
313 2959 418 3036 lecto
443 2957 681 3038 auctoribus.
738 2962 920 3040 Primum
941 2963 1090 3064 Poggio
1116 2961 1222 3066 ipio,
1253 2963 1326 3064 qui

314 3096 435 3173 variis
466 3094 512 3168 in
539 3093 639 3170 locis
672 3097 827 3198 (neque
856 3113 988 3172 tamen
1020 3123 1065 3172 ea
1094 3099 1326 3180 Bundinius

314 3226 515 3331 apposuit,
542 3253 673 3329 neque
699 3233 860 3340 citavit)
876 3208 1136 3332 'archetypon
1156 3233 1326 3344 Quinti·

312 3365 412 3440 liani
446 3365 491 3438 in
525 3363 807 3441 bibliothecam
835 3363 969 3444 Cosmi
996 3365 1178 3443 Medicei
1208 3371 1251 3444 P.
1283 3373 1325 3444 P.

183 3505 188 3512 '
311 3495 425 3576 fuille
453 3487 610 3576 illatum
630 3498 809 3580 testetur:
847 3476 1005 3578 Deinde
1020 3502 1229 3606 Raphaele
1247 3507 1330 3580 Re·

312 3635 399 3732 gio,
442 3635 516 3734 qui
540 3635 636 3710 haec
667 3635 770 3711 dicat
792 3637 836 3712 in
864 3637 968 3714 libro
992 3634 1210 3738 inscripto:
1278 3641 1329 3713 In

312 3767 493 3844 ducentur
512 3799 516 3810 ·
538 3763 767 3882 Quintiliani
810 3773 1110 3871 depravationes
1153 3775 1330 3850 ducenta

309 3895 558 4016 Problemata
587 3901 694 3982 edito
723 3909 874 4004 Patavii
899 3917 1017 4005 1491.
1060 3906 1205 3997 „Mihi
1221 3933 1327 3985 vero

308 4029 573 4137 „astipulatum
601 4039 804 4118 vetustum
821 4040 927 4118 illud
947 4043 1169 4145 exemplar,
1208 4041 1328 4122 unde
1398 4085 1399 4092 κ
