2840 4778
460 405 790 520 antarta-10.
913 367 917 380 ’
998 433 1151 490 mv.

120 601 223 688 nale,
251 595 374 674 flenti
397 595 515 672 altera
534 598 602 674 illa
622 597 772 676 Paridis
792 596 1021 692 histrionis,
1050 605 1119 682 cui

120 739 276 838 Agauen
299 731 418 810 snam
445 734 594 834 aliaque
618 741 798 835 poemata
819 731 1012 812 venderet
1038 741 1120 813 Sta·

123 873 221 947 tius?
259 869 380 973 (Iura.
406 891 450 964 7,
481 888 532 963 87
555 867 686 971 seqq.)
743 872 845 949 Nam
869 869 1003 972 ipsum
1026 877 1118 973 qui·

126 1005 213 1081 dem
239 1005 465 1091 Domitiani
492 1003 673 1122 Paridem
703 1005 899 1108 desrgnari
927 1033 1013 1084 non
1044 1033 1118 1110 po-

127 1135 239 1218 tutae
266 1165 289 1212 a
307 1141 512 1228 Satirarum
541 1136 753 1240 scriptore,
795 1135 945 1216 affatim
966 1143 1116 1241 'proba-

135 1291 224 1350 tum
242 1271 322 1348 esta
337 1271 518 1351 Salmatia
541 1275 568 1350 L
590 1299 633 1348 c.·
652 1299 675 1348 e
694 1272 851 1350 vetusto
872 1277 976 1350 vitae
997 1281 1116 1360 Juve-

140 1411 228 1486 nah's
243 1425 412 1500 auctore,
439 1435 562 1510 quem
577 1405 668 1486 satis
682 1409 943 1510 probabiliter
957 1413 1117 1503 coniicit

141 1543 198 1620 ffle
209 1547 437 1623 Suetonium
453 1541 537 1622 effe.
597 1547 673 1636 Ita,
702 1542 803 1620 dum
821 1543 1119 1648 Quintilianum
1219 1549 1228 1562 ’

132 1681 299 1784 appellat,
327 1681 454 1758 alium
475 1678 645 1758 istorum
664 1694 895 1780 temporum
915 1679 1118 1756 rhetorem

125 1813 344 1916 fignificavit
353 1815 568 1906 luvenalis,
598 1816 646 1892 ab
661 1817 889 1917 aequalibus
904 1813 1116 1918 agnoscen-

124 1949 211 2028 dum
223 1979 319 2029 eum
335 1975 422 2028 non
437 1953 585 2042 minus,
615 1977 737 2052 quam
748 1953 866 2030 illum
877 1949 956 2027 ‘sub
973 1953 1114 2032 Paride

121 2081 326 2188 figuratum
338 2085 584 2162 histrionem.
635 2091 686 2164 Et
702 2102 783 2162 erat
796 2084 951 2180 fortaffe
964 2090 998 2164 is
1013 2095 1116 2184 ejus·
1137 2099 1140 2112 '
1230 2055 1234 2068 ⁸

118 2222 242 2313 modi,
274 2239 342 2312 nt,
377 2223 422 2298 in
448 2219 531 2322 ipsa
555 2221 725 2300 laudum
745 2217 1015 2311 mutilatione,
1053 2225 1116 2300 di-

119 2360 238 2436 cteriis
259 2360 347 2460 peti
367 2373 597 2436 mereretur.
654 2361 695 2434 Si
717 2371 821 2431 recte
841 2357 968 2455 igitur
988 2360 1115 2463 Quin·-

119 2493 293 2572 tilianum
312 2489 497 2570 nostrum
517 2495 764 2572 removimus
788 2515 837 2564 ex
855 2491 928 2564 hac
944 2497 1113 2574 Juvena-

120 2627 167 2704 lis
184 2627 309 2720 naim,
335 2627 495 2708 nonest
518 2627 631 2730 quod
647 2649 858 2704 vereamur
880 2649 932 2735 ne
952 2643 1115 2726 propter

122 2761 334 2840 Ausonium
349 2762 395 2840 fit
412 2763 670 2840 ad'Hadn'ani
682 2777 862 2869 tempora
876 2785 1006 2862 usque
1021 2783 1114 2862 pro·

117 2898 284 2999 roganda
312 2905 398 2994 ejus
428 2903 518 2976 vita.
594 2903 651 2974 Ea
682 2900 792 2974 enirn
819 2895 1025 2974 Dodwelli
1057 2895 1126 2973 est*

113 3030 317 3126 tentantia,
357 3037 432 3136 qui
458 3031 689 3113 Consularia
710 3032 782 3109 ista
813 3049 1042 3112 ornamenta
1063 3035 1112 3108 ab

111 3167 310 3248 Hadriano
339 3171 387 3246 in
421 3195 517 3248 eum
553 3169 693 3246 collata
730 3166 859 3244 censet
884 3168 1111 3268 lpropterea,

108 3305 214 3406 qnod
226 3303 438 3384 Ausonius
453 3301 643 3405 fignificat
653 3302 888 3405 Augustum,
916 3329 1001 3378 non
1015 3304 1111 3378 Cae·

106 3435 217 3534 fares,
272 3441 416 3542 quales
443 3437 594 3516 fuerint
613 3438 678 3516 isti
705 3440 920 3516 Clementis
944 3433 1039 3522 filii,
1088 3457 1110 3508 a

106 3577 361 3682 omarum
386 3545 625 3652 natantum.
682 3573 899 3650 neumae
917 3570 1019 3644 nanc
1034 3567 1110 3645 au-

104 3709 341 3791 bitationem
382 3707 505 3785 diluit
549 3707 742 3787 Gefiaerus
780 3711 827 3784 in
866 3702 1109 3807 praefatione

17 3853 19 3874 '
104 3847 224 3940 §11-
261 3841 501 3935 ostendens,
541 3849 726 3922 Senecam
748 3860 786 3919 et
813 3835 1109 3949 Quintilianum

101 3975 231 4060 seeum
258 3979 553 4082 comparandos
575 4005 718 4082 negare
738 3979 983 4065 Ausonium,
1010 4001 1110 4076 quoa

100 4139 189 4194 rum
223 4117 330 4194 alter
366 4112 593 4214 Augustum
622 4115 787 4217 quidem
824 4112 1008 4192 docuerit
1040 4107 1111 4186 [ed

684 4271 752 4326 ee
