2764 4796
193 343 195 351 ’
274 395 396 464 1usr.
424 395 633 466 out‘rou.
659 395 751 466 nm.
776 397 850 484 111,
874 395 908 468 c.
1019 385 1107 500 itt

99 595 164 656 tur
176 577 292 658 dueta
308 583 523 672 veletren,
552 581 665 682 quod
687 581 746 658 ibi
769 579 816 658 iit
833 583 989 682 primus
1005 606 1096 660 cru-

95 693 156 770 sac
178 693 421 796 congreiius,
451 699 518 774 vel
539 697 650 804 quod
667 699 711 774 in
734 697 812 776 hoc
836 695 948 774 causa
970 695 1096 792 const-

96 805 175 886 stat.
234 815 284 888 Et
306 815 481 891 nominis
507 813 672 916 quidem
695 811 791 888 haec
814 814 954 914 orig0;
983 837 1096 890 nunc

95 923 196 1024 quid
224 925 281 1002 fit.
353 930 506 1004 Statum
532 929 697 1029 quidam
718 915 906 1004 dixerunt
924 933 1095 1028 primam

92 1034 299 1151 causatum
332 1039 621 1146 conflictionem:
673 1069 773 1144 quos
801 1059 906 1118 recte
933 1038 1096 1132 senfiffe,

91 1181 235 1256 parum
259 1157 436 1234 elocutos
458 1176 569 1258 puto.
640 1159 739 1234 Non
765 1159 873 1234 enim
898 1155 953 1230 est
974 1155 1122 1236 statusn
1244 1217 1247 1236 .

89 1272 222 1372 prima
239 1269 458 1362 conflictio,
487 1266 649 1379 Fecisti,
674 1301 749 1350 uon
761 1269 853 1380 feci
858 1301 870 1344 e
899 1267 970 1344 sed
985 1269 1098 1371 quod
1208 1270 1218 1285 '

90 1411 140 1460 ex
159 1385 289 1484 prima
313 1383 566 1464 conflictione
587 1385 776 1476 nascitur,
814 1385 859 1462 id
888 1383 950 1460 est·
970 1411 1097 1486 genus

89 1498 352 1600 quaestionis,
395 1497 561 1608 Fecisti,
599 1497 811 1606 arraserit,
852 1528 904 1574 an
921 1495 1097 1606 fecerit?

88 1617 181 1692 Hoc
186 1607 334 1720 fecisti
339 1672 350 1704 ,
378 1643 452 1692 nott
470 1611 648 1722 hocfeci,
677 1612 957 1723 quidfecerit?
992 1615 1097 1722 Quia

88 1755 136 1804 ex
160 1731 224 1806 itis
250 1733 426 1830 apParet,
455 1731 561 1808 illud
577 1739 823 1826 conjectura,
847 1729 926 1806 h'oc
945 1727 1093 1806 finitio·

85 1871 138 1920 ne
167 1843 467 1943 quaerendum
530 1862 647 1946 atque
669 1847 714 1920 in
736 1871 784 1922 eo
809 1871 899 1945 pars
927 1861 1098 1946 utraque

86 1955 253 2070 infistit:
294 1963 369 2050 erit
393 1959 568 2061 quaestio
598 1959 880 2059 conjecturalis,
912 1961 980 2036 vel
996 1955 1098 2069 fini·

85 2081 178 2167 tici,
210 2071 345 2154 status.
394 2075 516 2182 Quid
538 2073 699 2154 sienim
714 2076 819 2152 dicat
832 2075 942 2175 quis,
973 2075 1126 2152 Sonare

42 2335 45 2342 ¹
145 2343 212 2400 Non
239 2363 283 2398 en.
304 2339 353 2418 est.
393 2344 457 2398 Hoc
477 2341 576 2398 ordine
595 2339 689 2400 Guelf-
712 2355 740 2398 et
761 2339 847 2398 Goth.
868 2357 933 2396 enm
955 2339 1017 2396 edd.
1034 2352 1100 2398 rute

83 2427 196 2504 Gryptr
221 2427 369 2484 omnibur.
420 2427 597 2484 Recentiorer
617 2429 682 2482 Non
702 2423 741 2498 esc
763 2447 804 2482 en.

147 2512 263 2591 infistr‘t.
313 2510 382 2567 Coti·
405 2509 480 2566 Alm.
505 2529 569 2566 cum
592 2511 687 2567 Turic.
711 2507 844 2586 infiieerit.
902 2506 996 2572 Mile.
1032 2524 1118 2582 orto,

81 2615 177 2652 errore
202 2613 246 2654 ex
269 2593 408 2670 sequenti:
438 2598 496 2650 erit.
687 2594 762 2673 Quid
775 2593 804 2671 fi
824 2615 866 2650 en.
909 2596 975 2650 Hoc
996 2593 1098 2652 ordine

80 2682 192 2742 codd..
215 2695 304 2757 puto.
327 2696 432 2734 ornnes.
473 2677 525 2734 Sed
541 2677 602 2734 edd.
617 2679 656 2732 sat
669 2676 775 2732 multae
797 2679 903 2735 iuniore
918 2678 1008 2758 Regio
1028 2684 1100 2736 enim

80 2779 274 2821 intervertunt
286 2759 325 2834 rii
340 2766 367 2818 fi.
410 2761 555 2818 Accedunt
570 2765 732 2818 Burmanno
746 2763 907 2818 memoretis
922 2763 1006 2840 Tere.
1016 2767 1099 2820 Rufe.

78 2849 145 2906 nid.
191 2853 264 2906 Hoc
285 2845 431 2904 constituto
455 2847 553 2902 ordine
574 2845 712 2925 eleganter
732 2845 773 2900 ita
795 2845 941 2900 dirimitur
962 2867 977 2900 a
1002 2849 1100 2904 Cervi·
1202 2870 1212 2884 ·

80 2952 172 2990 corno
189 2933 315 3006 aliisque
324 2931 427 2986 otrtio:
449 2931 543 3004 „Quid
551 2929 648 2988 enim?
670 2934 689 2986 st
707 2961 749 2974 -
765 2930 923 2994 condicum
945 2943 1096 2987 etret⁴⁸cet⁸
1158 2945 1164 2974 ³

77 3017 133 3074 Sed
149 3018 280 3080 nostram
296 3013 506 3092 coliqcetionem
522 3029 630 3090 praeter
648 3014 737 3072 Codd.
752 3027 780 3068 et
792 3013 855 3068 edd.
870 3015 1038 3068 recentiore·
1053 3015 1101 3070 de.

77 3101 173 3156 ieudit
188 3101 267 3162 Jens.
286 3119 415 3174 quoque3
436 3099 467 3152 in
482 3119 536 3173 qua
551 3098 648 3160 aliter.
669 3117 699 3152 ac
714 3098 782 3158 ieci,
803 3097 878 3171 poiie
892 3095 990 3150 dirimi
1003 3098 1099 3161 verbe,

78 3187 219 3259 equidem
229 3200 378 3260 nonputo.
402 3181 1011 3256 GesnerutBurmtnuietCapper.rationem,
1027 3201 1100 3256 queo

77 3271 116 3324 est
133 3289 210 3330 men.
235 3267 373 3330 deseruit,
394 3267 477 3323 colon
492 3285 597 3344 ponem
611 3267 670 3343 post
684 3265 763 3338 confi.
807 3267 908 3320 Fateor
928 3265 1033 3320 offendi
1053 3285 1102 3320 me

77 3353 138 3408 istie
156 3357 251 3414 enim.
281 3354 352 3407 mire
368 3355 515 3432 geminetis
532 3355 561 3408 in
576 3351 638 3430 loco
652 3351 754 3406 noiiro.
796 3351 918 3429 Legitur
938 3365 1037 3422 queter
1057 3349 1101 3402 in·

74 3453 121 3492 tra
138 3456 204 3492 non
223 3438 264 3490 ita
278 3437 366 3492 multa
386 3435 479 3494 verbe.
523 3437 580 3492 liic
599 3441 667 3492 enim
690 3437 790 3510 spectat
804 3434 839 3490 nd
853 3433 900 3495 id,
920 3433 998 3508 quod
1011 3433 1098 3491 modo
1131 3505 1139 3520 x

72 3521 205 3601 negabat
220 3519 321 3576 statum
338 3521 390 3576 effe
404 3522 529 3597 primun
545 3521 762 3578 conflictionem.

112 3723 231 3800 causer.
256 3725 373 3798 constiti.
404 3727 449 3784 Ci.
467 3727 525 3786 cic.
540 3725 576 3782 de
616 3725 662 3783 Ad
684 3727 769 3802 ipiem
793 3722 954 3780 senientiam
967 3721 1044 3797 quod
1057 3735 1098 3780 at·

63 3811 136 3866 inv.
156 3831 187 3870 ι.
216 3823 272 3876 13.
293 3809 326 3864 it.
345 3813 529 3870 Parritt.0rr.
552 3831 576 3866 c.
617 3811 696 3872 tinet,
711 3797 813 3867 Badiue
827 3807 1097 3867 enorieCodiciiuo

69 3908 126 3968 29.
157 3909 215 3961 50.
252 3912 412 3968 quenquam
436 3893 479 3950 ibi
503 3893 577 3950 nibil
617 3897 756 3970 ascriptis,
791 3911 859 3968 quae
889 3907 971 3968 putet
992 3891 1097 3954 Vrilrc.

67 3977 109 4034 dc
131 3981 237 4052 prima
254 3975 438 4034 conflictione.
617 3979 704 4034 reiert
739 3966 833 4034 [dnn
867 3973 1099 4034 observationem.

118 4063 207 4140 Quia
233 4089 273 4102 --
298 4063 357 4118 erit.
400 4061 445 4120 Ab
464 4067 515 4121 crit
533 4079 578 4118 or·
617 4061 777 4120 Axistotrlee
799 4063 874 4120 enirn
901 4059 935 4116 de
956 4061 1059 4116 Anirnr
1081 4059 1101 4115 1.

65 4143 139 4200 dire
157 4139 312 4218 apodofin.
619 4160 638 4200 Β
654 4145 694 4222 (qi.
704 4147 782 4222 Sylb.
792 4159 831 4217 38
843 4151 930 4220 extr.)
946 4147 986 4200 ait
1002 4145 1057 4206 hic.
1071 4163 1103 4200 ee

115 4221 309 4307 Ouidfiett.
353 4225 487 4284 viduor.
505 4228 576 4286 Crie.
617 4229 710 4286 utitur
732 4231 914 4290 defiuitione.
944 4249 1027 4303 quem
1051 4229 1105 4282 ime

1159 4305 1166 4338 i
