2840 4778
281 400 342 454 m
605 375 946 512 futurarm.
988 333 992 342 ’
1034 459 1037 474 λ
1141 350 1145 360 ’

199 536 212 558 d
283 561 393 654 ,enim
416 567 539 668 magis
567 589 689 666 quarn
707 559 900 642 Gesnerus
916 565 965 660 in
987 549 1110 642 Praei.
1137 553 1195 640 ad'
1211 569 1285 672 Qu.

284 704 441 793 dubito,
468 703 571 802 quin
593 697 722 778 Codd.
746 700 986 805 Quintiliani
1012 701 1220 778 extiterint
1250 716 1292 776 et

282 838 408 917 hodie
445 851 578 916 extent
615 827 818 936 Poggiano
860 837 1105 934 antiquiores
1145 837 1214 912 vel
1252 836 1293 911 ei

282 971 419 1050 saltem
432 972 622 1071 aequales.
682 972 756 1046 His
773 995 995 1064 annumero
1013 969 1294 1064 Bodleianum‚

284 1089 677 1196 Almelovenianum‚
733 1101 1124 1204 Argentoratensem,
1176 1112 1296 1200 cujus

284 1269 367 1346 quo
401 1243 536 1316 minus
571 1241 796 1342 pleniorem
835 1241 1020 1318 notitiam
1053 1237 1171 1314 daret
1211 1239 1292 1314 Ob·

283 1377 455 1466 rechma,
483 1391 612 1452 morte
637 1373 855 1476 impeditus
878 1371 953 1464 est;
983 1371 1072 1473 post
1097 1399 1199 1450 eum
1223 1399 1294 1450 ve·

284 1537 331 1590 ro
359 1511 583 1588 retractavit
615 1535 747 1586 nemo.
821 1509 990 1613 Qualem
1023 1507 1189 1594 librarii,
1213 1507 1296 1585 stu·

270 1657 426 1750 'porem
449 1647 494 1718 in
508 1641 716 1719 Turicenli
737 1639 887 1719 Codice
916 1641 1185 1720 animadverti
1204 1669 1296 1720 nar·

234 1769 238 1782 ’
284 1797 344 1856 rat
372 1777 673 1876 Sulzbergerus,
709 1773 819 1851 idem
849 1793 1062 1883 comparet!
1081 1780 1130 1854 in
1148 1781 1298 1868 ‘Alme-

285 1913 520 2000 lovenian0‚
556 1916 669 2004 cuius
697 1913 757 1988 rei
782 1913 960 2014 exempla
986 1913 1188 2014 quaedam
1213 1916 1298 1992 col.

163 2047 191 2076 ·'
285 2047 383 2146 legit
409 2044 690 2122 Lochmannus
718 2046 744 2120 l.
761 2072 792 2122 c.
816 2073 853 2148 p.
872 2054 911 2137 6,
937 2064 977 2122 et
1001 2045 1085 2149 ipse
1115 2051 1163 2124 in
1186 2051 1298 2126 notia

285 2175 561 2258 demonstravi.
601 2179 817 2258 ‘Veriffime
845 2197 978 2258 autem
1004 2184 1298 2286 Salabergerm

283 2283 434 2406 monet,
462 2315 639 2394 multum
667 2318 910 2394 auctoritatis
933 2315 1076 2394 Codici
1104 2319 1301 2396 accedere

284 2473 334 2524 ex
358 2447 449 2550 ipsas
477 2445 584 2524 hisce
597 2451 727 2542 vitiis,
757 2453 949 2550 quoniam
965 2455 1039 2553 qui
1055 2455 1305 2532 recentiori-

284 2577 360 2662 bus
380 2579 520 2663 seculis
549 2582 813 2662 describerent
840 2604 992 2664 veteres
1021 2587 1167 2679 libros,
1183 2589 1301 2668 adeo

284 2721 463 2820 imperiti
490 2713 574 2794 fere
599 2737 825 2797 nouerant
884 2725 957 2800 His
978 2747 1052 2823 ego
1068 2723 1301 2801 Codicibur

254 2849 375 2926 ‚lum
405 2849 512 2939 talus,
536 2867 692 2952 praeter
713 2878 800 2946 eos,
837 2881 1014 2958 quorum
1042 2857 1213 2935 collatio
1246 2855 1303 2934 est

258 2983 396 3085 apud
438 2985 723 3066 Burmannum.
807 2991 902 3066 Fuit
946 3015 1041 3068 cum
1082 2989 1303 3096 affulgeret
1401 2991 1402 3050 ἕ

121 3081 129 3098 ⁸
197 3117 213 3214 ᾗ
284 3115 372 3220 spes
413 3121 534 3198 etiam
577 3121 786 3200 Leidenses
827 3123 1031 3203 thesauros
1078 3128 1128 3202 in
1174 3129 1302 3206 usum
1401 3095 1402 3186 Ϊ

286 3253 477 3333 editionis
511 3277 623 3332 meae
661 3259 934 3346 convertendi.
1015 3261 1305 3362 Ruhnkenius

285 3393 396 3467 enim
436 3393 482 3467 in
525 3391 650 3468 literis
691 3391 792 3471 datis
834 3393 885 3470 ad
924 3421 990 3472 me
1028 3395 1065 3472 d.
1103 3419 1173 3474 ao.
1212 3404 1305 3476 Oet.

291 3545 410 3618 1793.
497 3525 804 3618 ‚,Bibliotheca“
841 3531 895 3606 ait
942 3528 1179 3623 „Leidenfis
1204 3535 1310 3622 aba

287 3673 370 3746 „tot
397 3683 450 3734 ac
488 3675 594 3741 tanta
627 3665 689 3740 rei
722 3664 824 3740 bene
861 3663 1056 3766 gerendae
1096 3666 1307 3766 praefidia

285 3787 595 3892 ,suppeditabin
624 3813 671 3874 ut
691 3814 889 3899 praeterea
916 3825 1001 3877 non
1028 3801 1081 3874 ita
1109 3803 1307 3881 multum

285 3927 598 4024 „requirendum
621 3931 817 4008 videatur.
843 3901 848 3914 ”
875 3935 982 4010 Nam
1011 3931 1098 4036 post
1130 3931 1311 4014 editum

285 4083 332 4150 „a
355 4062 582 4139 Burmanno
601 4067 896 4170 Quintilianum
924 4069 968 4143 in
996 4051 1309 4150 Bibliothecam
1400 4095 1401 4178 3
