2838 4792
257 385 369 438 nxxu
585 369 923 448 PRAEFATIO.
973 458 975 462 .

261 578 335 655 ego
358 549 521 638 viciffim
540 555 866 660 reprehendendi
877 557 1079 635 materiem
1095 552 1265 664 sequen-3

261 692 367 768 tibus
385 695 628 794 reliquerim.
687 700 817 800 Quam
835 708 894 781 ut.
918 718 998 794 pro
1015 691 1126 768 virili
1142 703 1265 792 perte,

61 829 78 894 f
144 869 146 874 .
259 824 505 926 praesumam
528 846 569 905 et
593 832 794 916 minuam,
836 853 1004 928 eaquae
1027 829 1131 902 inter
1160 825 1266 925 preli

260 985 391 1038 moras
418 962 704 1064 posterioribus
731 963 836 1038 curis
850 963 1011 1036 melius
1033 954 1266 1060 perspexille

261 1093 427 1188 videor,
467 1124 537 1200 ege
569 1095 888 1200 percenseamus..
957 1101 1106 1172 Ponam
1140 1095 1267 1168 variae

173 1291 177 1298 .
263 1252 428 1330 quoque
442 1229 651 1336 scripturas
665 1257 851 1309 meorum
864 1229 1064 1328 librorum
1077 1223 1267 1330 infignio·

262 1387 343 1456 res,
368 1363 450 1444 suis
471 1370 569 1446 locis
592 1395 614 1442 a
634 1385 699 1448 me
720 1361 1013 1469 praetermissae.

340 1599 491 1694 Epistola
518 1599 565 1663 od
594 1601 802 1686 Tryphonem.
856 1599 957 1686 Quod
983 1599 1051 1662 dixi
1078 1593 1268 1680 bibliopolae

264 1701 512 1782 appellationem
533 1703 632 1766 abesse
647 1723 665 1765 a
679 1701 784 1765 Guetf.
794 1745 803 1774 ‚
830 1715 988 1784 praeterea
1012 1687 1270 1762 animadverten-

265 1799 344 1862 dum
359 1783 421 1873 effi
439 1803 473 1865 in
488 1803 545 1865 isto
562 1803 698 1876 Codice,
724 1806 814 1866 sicuti
831 1805 864 1864 in
881 1805 930 1865 ed.
946 1801 1072 1864 lenlon.
1089 1802 1210 1862 nullam
1224 1819 1268 1864 ne

271 1900 597 1994 Tryphonistqnidem
612 1925 795 1989 comparere
809 1907 1023 1972 mentionem.
1052 1901 1104 1964 led
1125 1903 1188 1966 hoc
1204 1901 1269 1965 elle

266 2001 399 2066 initium
415 2007 515 2070 totius
532 2010 651 2092 operis:
680 2006 902 2104 Quintilianus
922 2003 1078 2068 Victorio.

291 2245 295 2256 .
340 2157 482 2257 l'rooenr.
503 2161 601 2240 pirinei
619 2157 692 2222 libri
710 2167 746 2233 5.
765 2175 823 2234 27.
876 2157 969 2220 Adde
991 2159 1027 2218 ad
1048 2169 1160 2218 notam
1174 2153 1276 2217 Criti-

268 2275 354 2320 eem:
387 2257 438 2323 Cf.
456 2263 609 2324 Prooem.
630 2261 704 2322 libri
725 2260 803 2357 sexti
822 2264 851 2340 §.
874 2281 929 2320 ιι.
949 2259 1007 2320 ubi
1022 2257 1205 2350 confitentia
1220 2255 1269 2316 dl·

151 2375 156 2384 ·
268 2353 348 2422 ferte
370 2357 540 2426 secernitur
557 2383 575 2426 a
588 2355 758 2456 fortuitis.

349 2534 383 2585 ¹·
413 2534 509 2600 1‚‚e.
552 2515 669 2578 Sedu
691 2513 766 2595 plns
787 2505 922 2610 efficiat,
947 2509 1137 2574 autminus.
1189 2505 1271 2570 Sine

267 2620 477 2688 annotatione
497 2619 689 2701 praetermisi
711 2618 836 2686 locum,
861 2635 957 2698 quem
974 2625 1080 2674 temen
1102 2629 1272 2693 perperam

269 2715 383 2796 cepisse
399 2741 485 2783 nune
500 2721 632 2801 quidem
647 2717 731 2779 mihi
740 2719 865 2780 videor.
923 2713 970 2780 Ut
986 2714 1123 2796 politum
1138 2713 1192 2774 hic
1207 2709 1272 2772 ell'e

269 2833 330 2896 pro
346 2817 421 2909 etse,
445 2821 560 2902 quieti
577 2820 650 2880 ulus
670 2820 766 2880 etiem
787 2819 893 2880 nostro
908 2817 1049 2898 scriptori
1062 2809 1271 2896 frequentiffi·
1339 2853 1352 2882 .

270 2933 362 2987 mue,
392 2921 485 3001 plane
500 2923 593 2983 credo
611 2919 721 2984 Celeb.
740 2919 899 2988 Gedikio.
922 2920 977 3001 qui
999 2920 1031 2977 in
1052 2930 1129 3000 nota
1144 2915 1183 2975 ad
1199 2933 1271 2974 ver·

269 3011 392 3080 lienem
402 3023 604 3084 vernaculam
614 3023 707 3100 hnjns
723 3013 842 3118 ῥὴιιως
854 3034 951 3103 negat
962 3019 1063 3080 ullum
1074 3014 1133 3078 elle
1149 3017 1182 3076 in
1196 3014 1272 3077 loco

269 3114 447 3198 subjectum
460 3124 483 3186 li
497 3137 534 3184 ut
549 3125 764 3206 interpreteris
782 3123 850 3192 ita,
872 3134 920 3184 ut.
973 3120 1110 3189 Contra,
1134 3119 1156 3178 li
1177 3129 1215 3177 ut
1233 3117 1273 3176 lit

235 3236 241 3256 ⁴
271 3217 346 3312 cist,
374 3225 547 3286 inventum
566 3225 626 3286 effe
649 3224 842 3304 subjectum,
871 3221 958 3305 quod
975 3243 993 3284 e
1008 3239 1088 3282 voce
1106 3239 1194 3280 nenio
1215 3217 1274 3280 de·

272 3311 345 3389 beet
364 3328 488 3408 promi,
515 3328 548 3388 in
563 3346 627 3410 quo
644 3323 909 3408 comprehensum
924 3323 962 3386 lit
976 3313 1124 3404 nuptis(
1132 3319 1196 3381 h'oc
1218 3339 1273 3380 ιιι·

120 3455 149 3469 -ι
271 3435 340 3486 tem
358 3430 498 3491 maxime
519 3430 693 3492 convenire
715 3428 799 3490 loco.
863 3427 952 3486 Tum
973 3425 1067 3485 colon
1089 3421 1180 3483 tolles
1202 3417 1273 3502 poll

203 3584 205 3603 ‚
273 3525 385 3599 mitius.
405 3543 438 3593 et
455 3529 551 3594 verbe
559 3521 621 3624 fed
638 3563 685 3578 --
712 3526 953 3604 mittiuduabue
968 3523 1100 3608 virgulis
1115 3541 1271 3584 coereeat.

273 3625 444 3694 Meliorem
460 3634 612 3715 equidem
627 3652 696 3696 noo
710 3631 834 3714 reperio
851 3629 1159 3710 interpretationem.

314 3785 329 3792 “
350 3801 379 3853 ι,
411 3805 440 3855 ι,
470 3805 524 3848 ιι.
551 3785 646 3847 velim
671 3813 721 3828 -
744 3776 895 3874 uffiduus.
928 3779 1019 3873 Adde
1034 3777 1155 3840 adnot.
1172 3776 1271 3840 Criu:

274 3878 337 3972 Sed
353 3901 380 3944 c.
401 3902 431 3955 ι,
458 3899 479 3963 5
508 3881 647 3978 offellum
665 3885 704 3946 de
720 3885 823 3946 amico
848 3883 901 3945 vel
922 3883 1050 3942 liberto.
1103 3879 1203 3962 Quod
1221 3895 1271 3938 eu·

274 3973 342 4043 tem
368 3983 419 4066 (p.
438 3999 483 4066 25
501 3989 610 4062 extu),
628 3988 702 4046 dixi·
715 4005 796 4046 nnus
811 3975 901 4076 offui.
922 3982 988 4047 inre
998 3979 1200 4050 substantivo,
1225 3979 1273 4037 ln·

276 4084 404 4148 tellecto
420 4085 539 4162 saltem,
564 4087 624 4152 elle
640 4087 774 4157 domm,
800 4085 896 4148 hebes
926 4107 959 4158 r,
986 4103 1041 4156 ιι,
1072 4093 1119 4163 ¹4
1140 4081 1274 4162 diligens
