2794 4794
666 261 671 290 l

264 397 315 480 9⁰,
420 435 423 442 .
496 361 553 464 Μ
585 373 685 444 FAB.
720 367 1082 476 anrtmnntf

263 563 332 640 ille
353 559 659 641 CorneliiGalli
680 557 759 657 est)
788 559 832 634 in
860 545 1256 661 Pollionemensnar‚
1311 599 1314 611 ·

262 673 493 780 ellectetor„
507 700 529 749 e
545 675 669 750 Gallia
691 673 859 750 dunum
882 671 947 747 est.
979 697 1073 748 nam
1092 662 1259 776 mastru7

326 910 429 988 easner.
444 911 594 990 affectator.
615 909 795 966 Posteriorem
809 927 908 963 vocem
920 905 1055 983 plurimae
1070 903 1185 980 quidem
1200 900 1261 958 edd.

260 1011 290 1053 et
305 996 394 1054 codd.
410 995 595 1051 interbibere
601 1033 610 1058 ,
631 1015 695 1050 cuni
714 993 820 1066 aliquot
841 993 908 1046 dent
927 987 1080 1067 assectator.
1125 991 1167 1042 lte
1186 987 1261 1041 enim

260 1079 364 1137 hebent
379 1080 453 1142 Voll.
470 1095 497 1134 α.
514 1080 599 1138 Geth.
617 1085 630 1149 (
639 1094 688 1134 tec.
704 1079 799 1145 Geln.)
815 1096 850 1130 ex
864 1077 929 1132 edd.
942 1092 1032 1131 etitem
1055 1081 1134 1144 (non
1148 1071 1261 1146 quidem

237 1177 239 1184 ’
260 1166 357 1222 Lecrt.
380 1181 412 1220 nt
431 1165 469 1218 ait
483 1167 580 1219 Burm.
595 1183 625 1218 en
641 1165 714 1218 enim
727 1163 868 1242 affectator
884 1161 1043 1226 manifeste)
1065 1159 1147 1216 Rufe.
1162 1159 1260 1214 Vener.

263 1258 353 1323 1494.
397 1251 501 1306 Contra
524 1248 600 1308 Voll'.
618 1269 643 1303 1.
660 1264 687 1318 5.
709 1231 802 1304 Guell‘.
825 1244 906 1300 deine
933 1243 1091 1322 affectarem
1116 1241 1195 1298 Galli
1216 1240 1264 1301 aa·

260 1333 383 1395 ductum,
403 1333 571 1408 praepostere
593 1353 697 1386 vocum
721 1331 903 1390 diremtione‚
924 1329 954 1383 in
968 1348 1022 1402 qna
1042 1343 1137 1384 temen
1149 1345 1179 1380 re
1197 1341 1263 1380 vere

260 1417 298 1472 est
313 1434 429 1494 recepte.
470 1416 556 1491 Quod
571 1433 662 1472 entem
676 1415 774 1470 attinet
787 1413 820 1468 ad
834 1433 932 1470 vocem
949 1413 1042 1490 casnm
1059 1431 1090 1467 ee
1104 1409 1220 1485 quidem
1234 1409 1265 1460 in

259 1499 357 1564 nullo,
386 1504 418 1556 ni
440 1500 536 1563 fallor,
567 1501 669 1558 Codice
690 1500 839 1574 comparet.
878 1497 1026 1554 Silentium
1048 1497 1126 1552 enim
1148 1492 1264 1551 Gibloni

259 1583 294 1640 de
311 1585 364 1641 stris
386 1585 553 1648 Britannicis
576 1585 647 1638 tanti
662 1585 734 1638 milti
755 1603 813 1636 non
834 1584 977 1643 videtut.'
994 1597 1027 1637 nt
1050 1583 1080 1636 in
1105 1595 1265 1636 ceterorum

259 1669 388 1724 omnium
403 1669 535 1724 constanti
548 1655 718 1730 diverfit'nte.
741 1687 787 1722 eoe
800 1683 937 1741 receptent
953 1667 1026 1736 tueri
1041 1681 1151 1741 putem.
1188 1662 1265 1722 Voll'.

262 1771 289 1810 t.
306 1767 333 1819 ὅ.
348 1757 431 1808 Bern.
449 1751 541 1808 Guell.
558 1751 624 1804 dant
638 1751 752 1827 casamo.
796 1751 871 1806 Alm.
884 1749 987 1825 cesena.
1016 1751 1095 1807 Voll.
1114 1766 1141 1804 2.
1158 1747 1265 1827 ceffaut·

259 1836 346 1892 Goth.
363 1837 511 1914 Casantum.
532 1837 628 1890 Turio.
641 1835 753 1910 Ccsnnu'.
782 1835 853 1890 Edd.
870 1833 982 1908 quidem
996 1833 1150 1909 pleraeque
1164 1830 1267 1908 easner»

258 1935 367 1994 praeter
385 1919 572 1980 Andreanam,
596 1939 666 1993 qnne
683 1918 777 1994 Casino
790 1933 817 1973 et
831 1921 964 1978 Venetam
985 1929 1064 1994 1494
1082 1938 1156 1993 qune
1169 1915 1268 1991 wsantt'

258 1993 336 2074 (ndn
353 2003 456 2078 Cosmi.
479 2019 510 2058 nt
523 2003 609 2058 refert
625 2003 715 2078 Gibl.)
731 2003 853 2058 exltlbet.
896 2003 1014 2060 Videtur
1028 2003 1125 2082 igitur
1140 2022 1179 2058 ex
1193 2017 1269 2056 mere

257 2087 335 2142 docti
352 2087 498 2160 cujusdam
518 2087 641 2144 hominis
657 2091 813 2160 conjecture
835 2087 974 2162 occupeffe
994 2085 1057 2140 edd.
1072 2088 1147 2142 istud
1164 2083 1266 2161 cosnec

257 2173 421 2246 Quanquam
446 2172 624 2228 Florentinne
646 2172 757 2232 Codex,
780 2191 863 2246 quent
885 2173 915 2226 in
931 2169 1076 2248 affectator
1091 2171 1196 2226 diserte
1213 2185 1270 2222 me·

234 2245 348 2311 'morat
368 2257 490 2336 Regius,
518 2257 547 2310 in
564 2256 657 2332 cusnar
671 2276 729 2310 non
750 2259 834 2318 item,
856 2261 884 2312 e't
906 2256 1062 2312 Britannici
1085 2257 1205 2330 pnllnnt
1226 2253 1270 2308 vi·

256 2340 318 2396 deri
340 2355 477 2414 receptam
499 2340 653 2396 defendere.
698 2341 812 2398 Accedit
834 2341 867 2395 ed
887 2340 958 2396 hane
982 2339 1073 2396 Cudd.
1099 2341 1131 2396 in
1148 2335 1268 2394 vitando

256 2423 351 2502 eqsnar
371 2425 561 2487 constantium.
590 2425 719 2482 dillenlns
741 2425 899 2480 nmnilel'nn
920 2425 1055 2484 Varronis
1083 2439 1114 2479 et
1137 2424 1213 2480 Festi
1239 2423 1270 2476 in

188 2545 191 2553 ·
256 2509 336 2564 vocis
357 2525 384 2562 et
399 2509 507 2590 origine
526 2525 553 2564 et
570 2511 780 2588 significatione,
801 2527 870 2583 qnos
885 2524 1008 2563 auctores
1023 2524 1181 2582 antequam
1195 2507 1272 2562 labo-

215 2602 218 2615 '
254 2609 350 2647 remus
378 2612 442 2648 cum
462 2596 516 2668 Qu.
538 2593 700 2657 conciliare,
733 2611 782 2650 rut
802 2594 837 2648 de
859 2594 968 2672 origine
990 2591 1131 2650 vocabuli
1154 2593 1272 2654 Celtice,
1387 2581 1388 2594 ³

200 2800 202 2806 ’
255 2775 390 2832 Pollionis
410 2793 468 2834 erat
482 2778 619 2851 aequalis,
641 2798 737 2852 qnem-
778 2797 842 2834 cnm
869 2779 958 2856 Regio
979 2793 1092 2834 mutere
1115 2780 1149 2836 in
1174 2781 1275 2838 Galle·

139 2862 142 2867 ’
255 2861 355 2934 quenb
370 2861 499 2916 hillerico
508 2862 647 2918 diversum
660 2878 736 2916 recte
777 2885 849 2923 rum,
893 2865 1131 2937 intemperantius
1171 2866 1272 2920 luerit.

258 2943 375 3000 ostendit
397 2943 505 3001 Voffius
530 2943 549 2998 l.
573 2965 597 3000 c.
646 2951 737 3019 Qttan·
777 2949 822 3000 De
845 2949 920 3002 l'enlu
940 2947 1073 3002 vocabuli
1094 2948 1204 3004 itidem
1220 2947 1275 3006 alie

90 3100 94 3109 Ι
157 3079 160 3084 ,
257 3047 342 3102 quem
369 3031 469 3082 Seneot
498 3046 575 3104 patet·
603 3033 734 3105 Excerpt.
777 3031 878 3086 docent
897 3033 986 3086 Varro
1013 3047 1040 3084 et
1067 3034 1190 3096 Festus,
1221 3035 1274 3108 qui

259 3115 356 3168 Contr.
379 3109 398 3165 l.
414 3122 572 3186 eproeem.
602 3113 735 3177 Labieni,
772 3113 865 3190 senem
894 3135 927 3170 eo
953 3115 1103 3195 significari
1134 3117 1276 3182 tradunt.
1387 3155 1388 3158 =

255 3195 379 3253 ltillon'ci
415 3197 492 3258 sene,
524 3198 673 3257 dicterium
703 3201 734 3254 in
775 3219 839 3254 cum
861 3199 950 3254 noller
968 3199 1163 3276 affectatorem
1178 3223 1216 3257 nn
1231 3202 1278 3279 af·

251 3279 408 3336 Pollionem
423 3298 568 3336 memorat.
771 3283 931 3358 sectatorem
949 3284 1089 3352 (flectent
1106 3288 1190 3341 enim
1210 3289 1277 3342 scri·

294 3361 396 3440 casnar.
440 3365 528 3424 Valde
556 3367 661 3420 mitum
691 3365 734 3419 vi·
773 3373 877 3442 ptura)
897 3367 1044 3444 intelliget.
1089 3358 1193 3427 Verri)
1211 3373 1276 3446 qni·
1387 3427 1388 3432 ,

251 3447 586 3523 dettrr,tQuintilianttm
616 3451 646 3503 in
679 3449 734 3504 hoc
773 3451 837 3506 dem
870 3451 925 3506 elio
961 3471 1074 3526 quoqne
1113 3454 1203 3517 loeo,
1242 3457 1276 3510 in

251 3531 389 3589 vocabulo
420 3553 435 3588 e
464 3533 553 3590 Gallie
580 3533 732 3608 repetendo
773 3537 945 3615 Fragmentic
976 3538 1227 3610 illenippenrnm·,
1262 3559 1279 3595 ι

249 3633 309 3674 non
331 3617 435 3678 lulum,
455 3619 581 3676 recedere
602 3640 617 3671 n
630 3621 733 3676 Verre·
761 3621 870 3676 'Nonio
885 3619 983 3680 nlltte,
1005 3641 1039 3674 ex
1061 3625 1277 3680 emendatione
1387 3661 1388 3670 κ

250 3701 295 3756 nie
316 3702 495 3762 auctoritate,
516 3703 567 3778 qui
589 3702 622 3757 de
645 3704 680 3757 L.
696 3705 730 3758 L.
772 3701 924 3758 felicillima
937 3703 1067 3782 scaligeri
1083 3705 1224 3781 caseatos
1240 3709 1278 3766 de

249 3783 306 3842 1.6
328 3805 355 3860 p.
370 3787 434 3860 Bip.
450 3786 502 3856 86.
544 3788 622 3844 Oscis
639 3785 666 3840 id
683 3787 732 3840 tri·
773 3787 882 3844 lenibus
905 3787 1067 3862 depontnnie
1088 3792 1219 3866 instrepat
1247 3813 1278 3868 p.

132 3937 135 3946 ι
250 3865 328 3929 buit,
357 3869 402 3924 led
425 3887 460 3924 ne
482 3871 651 3926 mentionem
671 3871 732 3944 qni·
774 3871 836 3946 Rip.
867 3881 937 3941 503.
991 3873 1021 3928 Si
1047 3872 1145 3950 igitur
1174 3877 1279 3938 lectio,

250 3950 313 4006 dem
337 3953 425 4008 facere
446 3955 546 4008 lnmmi
566 3956 596 4008 in
617 3954 671 4040 ¹19⁰
686 3973 732 4032 ge·
772 3954 881 4028 qnelem
925 3957 1079 4030 recepimus
1122 3979 1202 4014 vern
1241 3962 1282 4020 est

161 4079 166 4092 .
250 4053 317 4088 nere
331 4037 477 4109 scriptoris.
523 4039 654 4094 Ceterum
663 4039 732 4095 Ver·
773 4037 876 4094 dixerit
904 4037 1039 4113 castrarent
1065 4039 1128 4094 sive
1165 4045 1282 4100 Pollio-

223 4126 225 4153 Ι
250 4120 315 4173 roni
340 4119 378 4178 tle
408 4120 459 4174 hec
489 4139 558 4176 voce
588 4123 731 4176 ellentitur
772 4141 852 4183 nent,
882 4123 938 4176 five
965 4121 1050 4176 elinm
1076 4130 1284 4204 qnempiam,

146 4211 152 4248 Ι
251 4201 334 4258 utam
363 4202 470 4266 Felice.
501 4206 580 4277 eujne
602 4203 732 4282 Oscorum
772 4203 865 4262 inille
880 4206 1063 4283 cretioneeffe
1077 4211 1284 4284 appelletunn
