2840 4778
281 389 337 439 xx
610 361 948 452 enarrarre.
1031 397 1035 406 ι

280 551 391 644 sices,
425 548 514 654 post
531 570 706 650 quorum
729 563 893 626 aetatem
911 573 1005 626 cam
1025 547 1146 626 novis
1173 551 1281 626 curis

213 695 218 712 '
281 687 413 766 adhue
436 653 918 791 caruerit'Quintilianus,
948 683 1200 762 efficiendum
1225 682 1282 760 est

281 821 437 926 aliquid
450 823 495 903 in
513 821 592 898 hoc
606 845 762 921 genere,
791 845 873 921 quo
890 834 930 894 et
945 819 1172 920 aequalium
1190 834 1281 896 tuo·

280 973 374 1038 rtun
410 953 612 1032 desideriis
647 971 686 1030 et
721 951 965 1032 decessorum
1002 938 1283 1030 existimationi

280 1090 497 1170 satisfacere
520 1091 700 1168 videaris.
773 1093 903 1184 Hujus
932 1089 1121 1191 equidem
1151 1076 1282 1164 tantae

281 1227 564 1330 expectationis
585 1249 770 1326 magnam
787 1206 939 1324 partem
963 1249 985 1297 a
1004 1240 1152 1300 memet
1173 1249 1282 1300 amo·

279 1361 365 1454 tiri,
401 1361 562 1462 alioque
584 1386 649 1438 me
673 1359 776 1462 pede
800 1355 1050 1434 metiendum
1076 1356 1283 1434 ostendere

279 1496 463 1574 conabor.
535 1503 624 1601 Qua
652 1489 901 1570 excusatione
929 1487 989 1564 usr
1016 1487 1108 1566 sunt
1134 1487 1284 1570 summi

278 1633 371 1721 viri,
402 1631 596 1718 Lucilius,
625 1628 778 1714 Cicero,
798 1601 970 1712 ¹Plinius,
1001 1651 1124 1724 neque
1149 1623 1199 1701 ab
1223 1631 1281 1702 in·

224 1737 226 1748 Α
278 1751 497 1872 doctiffimir
514 1755 567 1872 se
590 1787 713 1861 neque
735 1755 786 1834 ab
812 1747 1031 1865 doctiffimis
1057 1759 1140 1866 legi
1164 1761 1280 1853 aelle,

278 1898 419 1995 eadem
442 1895 546 1972 mihi
566 1909 699 1996 parata
711 1891 784 1998 est.
840 1895 948 1969 Nam
971 1919 1045 1970 nec
1070 1919 1143 1996 ego
1165 1899 1283 1986 „Per-

278 2011 414 2124 „sium¹
433 2019 532 2109 curo
558 2031 724 2131 legere.“
791 2035 901 2136 Quot
924 2031 1032 2104 enim
1052 2045 1092 2106 et
1111 2048 1282 2134 quantae

277 2193 352 2258 res,
381 2165 674 2260 sitalesanimo
693 2141 952 2266 concepissem
964 2163 1141 2256 lectores,
1169 2182 1283 2244 erant

135 2322 141 2330 ’
276 2291 490 2406 ponendae
507 2302 552 2376 in
573 2301 829 2376 annotatione
845 2323 944 2390 mea,
973 2323 1070 2399 quas
1085 2299 1179 2378 dare
1195 2329 1283 2400 non

276 2442 413 2540 potui,
446 2451 548 2536 quot
578 2451 714 2512 contra
743 2435 985 2512 omittendae
1015 2461 1113 2537 quas
1144 2436 1283 2516 attuli!

276 2575 332 2650 Ut
356 2569 594 2674 copiosiores
613 2565 770 2646 fortasse
797 2586 886 2648 tum
910 2567 1006 2648 facti
1028 2568 1148 2650 essent
1170 2597 1283 2650 com·

276 2708 464 2786 mentarii
483 2708 566 2784 mei
590 2707 634 2780 in
655 2731 698 2780 re
715 2707 873 2796 Critica,
903 2707 958 2780 ita
979 2709 1024 2782 in
1049 2723 1134 2786 toto
1158 2732 1282 2810 opere

226 2845 228 2849 ’
276 2867 364 2920 non
387 2837 532 2917 dubito
560 2839 660 2940 quin
688 2839 810 2940 longe
840 2843 1128 2920 contractiores.
1200 2837 1283 2920 Sed

276 3001 353 3079 ego
376 2979 526 3054 tirones
545 2977 698 3076 potius,
740 2975 888 3076 quibus
910 2974 1139 3080 scriberem,
1168 2975 1284 3078 apud

206 3205 208 3208 ¹
276 3114 458 3190 animum
483 3135 621 3188 meum
652 3107 866 3212 proposui;
905 3109 1105 3206 ejusmodi
1135 3126 1284 3212 tamen,

276 3247 348 3350 qui
382 3273 469 3325 non
505 3241 625 3322 essent
658 3243 920 3324 indoctiffimi.
1008 3251 1120 3350 Opus
1150 3261 1284 3324 tantae

271 3363 572 3494 amplitudinis,
611 3365 780 3482 quantae
806 3379 900 3460 sunt
927 3381 1126 3460 rhetorica
1152 3384 1284 3490 Quin·

265 3513 426 3634 ¹sillani,
462 3521 666 3622 integrum
682 3515 920 3628 scholasticis
939 3519 1180 3598 lectionibus
1203 3534 1284 3594 tra-
1329 3615 1338 3622 ἱ

277 3655 373 3728 ctari
394 3650 521 3754 posse,
549 3679 691 3743 nemo,
720 3653 887 3756 opinor,
918 3651 992 3732 sibi
1016 3652 1282 3756 persuadebit.

277 3791 528 3892 Quapropter
566 3791 612 3900 in
650 3776 836 3866 conclave
873 3787 1037 3867 studiofi
1074 3787 1283 3883 cujusdam

268 3921 412 4035 *animo
448 3946 513 3998 me
543 3925 719 4014 contuli,
741 4017 747 4026 Ι
768 3925 833 4002 cui
864 3925 1015 4026 legenti
1047 3907 1211 4032 astarem
1239 3939 1282 4000 et

198 4073 213 4088 “
276 4079 341 4148 ea,
382 4080 484 4158 quae
512 4059 558 4134 in
585 4043 706 4147 uariis
737 4059 851 4138 libris
886 4057 949 4172 ad
967 4033 1282 4162 intelligendum
