2840 4778
229 315 332 392 am
568 289 906 370 inanimo,
953 385 957 402 Ι
1071 239 1076 252 ’

250 473 516 570 hibebatur.
557 505 665 570 raro,
708 485 794 560 imo
821 499 1049 584 nunquam,
1089 477 1234 558 oonsu-

287 621 376 708 luit,
406 615 519 717 quod
533 615 677 694 merito
693 619 905 718 exprobrat
921 617 960 692 ei
978 621 1235 708 Burmannus

291 758 338 832 in
361 751 478 854 Epist.
502 779 540 852 p.
567 773 630 844 79.
658 751 708 828 ad
731 759 807 859 Qu.
831 759 880 852 6Ἰ
906 773 952 841 e,
982 769 1019 838 5.
1049 777 1088 853 p.
1110 753 1233 852 Capp.

147 915 154 923 ’
292 898 410 980 561.;
448 861 616 964 alterum
639 887 768 987 quod,
802 913 897 964 oum
921 901 1115 988 repeteret
1134 887 1237 962 Bur·

290 1026 543 1108 mannianam
565 1021 795 1116 editionem,
821 1015 1047 1098 resecandis.
1067 1019 1236 1120 quibus·

291 1159 384 1236 dam
420 1153 826 1258 animadverfionibus
862 1181 884 1228 a
915 1151 955 1230 le
988 1155 1235 1256 improbatis,

291 1317 394 1394 quae
424 1297 493 1370 vix
522 1293 676 1392 aliquot
707 1291 885 1394 plagulae
911 1287 1124 1377 efficerent,
1163 1315 1233 1366 ne·

289 1428 492 1506 ceffitatem
516 1425 627 1517 fecit,
651 1441 806 1528 praeter
829 1424 952 1515 suam,
981 1439 1022 1500 et
1040 1423 1234 1500 emendae

193 1607 197 1634 .
289 1581 331 1640 et
353 1559 599 1642 evolvendae
623 1561 743 1636 etiam
768 1560 890 1637 illius.

231 1763 450 1862 Gottingae.
476 1780 606 1862 ωε.
641 1765 679 1858 4.
744 1755 916 1836 Geluero
941 1775 1138 1862 quantum
1164 1755 1235 1834 de·
1274 1773 1277 1779 '

284 1897 376 2014 beat
401 1887 694 2002 Quintilianu5‚
731 1917 852 1970 nemo
878 1897 1055 1998 ignorat3
1100 1919 1235 1996 neque

286 2055 427 2110 meum
462 2029 518 2108 est
548 2029 600 2108 de
629 2045 740 2108 tanto
770 2025 967 2114 decessore
999 2027 1239 2106 sententiam.

284 2163 398 2242 ferre.

229 2332 494 2434 Wirceburgi
530 2350 649 2428 1752.
680 2351 717 2420 3.
774 2331 1087 2411 Chrestomathia
1104 2333 1235 2440 Quin·

161 2493 166 2503 ’
286 2469 455 2544 atiliano.
510 2467 675 2548 scholae
693 2463 785 2546 suae
805 2468 1129 2568 accommodavit,
1155 2493 1234 2544 no·

146 2685 149 2692 ,
284 2620 421 2704 tasque
450 2605 658 2680 variorum
690 2617 730 2676 et
759 2601 845 2680 suas
871 2571 1231 2680 arrimadverfiones

166 2749 173 2762 ‘
205 2819 207 2826 s
285 2735 430 2832 adjecit
449 2739 729 2814 Bonaventura
748 2737 911 2814 Andros.

153 2963 156 2970 ·
225 2919 327 2998 lbid.
355 2897 492 3018 1793(
510 2941 545 3011 8·
596 2923 700 3028 ¹Chr.
719 2929 792 3030 Qu.
817 2947 938 3024 quam
957 2919 1127 3002 claffibus
1149 2924 1229 3002 hu·

162 3123 165 3130 ,
284 3057 531 3136 manieribus
557 3057 872 3136 accommodavit
893 3059 999 3138 notis
1020 3059 1230 3138 variorum

282 3207 325 3268 et
348 3190 448 3283 suis,
479 3193 628 3292 adjecta
649 3195 696 3270 in
723 3191 904 3272 sermone
925 3195 1054 3294 patrio
1080 3219 1234 3295 appen-

255 3387 258 3391 -
281 3325 372 3404 dice
399 3328 509 3403 auxit
531 3345 571 3404 et
592 3327 833 3406 dilucidavit
852 3331 1092 3406 Laurentiue
1110 3327 1227 3407 ulans.

270 3461 498 3545 ¹Postremae
525 3463 655 3540 ambas
679 3489 754 3564 pro
773 3489 855 3540 una
870 3455 1074 3556 'reeenlere
1103 3481 1143 3540 et
1162 3469 1231 3560 iu·

280 3595 413 3674 dicare
438 3595 572 3676 visum
603 3595 670 3686 est,
701 3593 768 3672 etti
789 3597 890 3676 levis
904 3615 1070 3700 apparet
1091 3595 1231 3676 diver·

199 3757 204 3768 ·
281 3729 377 3808 fitne.
399 3759 409 3780 .
435 3734 588 3810 Placuit
610 3731 817 3828 Exjesuitie
844 3737 1141 3839 Quintilianum
1162 3761 1231 3809 re·

281 3865 427 3956 ducere
455 3869 501 3944 in
525 3865 677 3944 scholae
702 3865 807 3956 luas,
849 3865 919 3942 sed
944 3871 999 3944 ita
1021 3883 1068 3947 ut
1093 3867 1230 3970 ipsum

282 3977 445 4118 quoque
470 4001 685 4104 Romanu
706 4001 984 4082 contraherent
1007 4021 1048 4082 et
1067 4003 1224 4084 brevio
