2840 4778
201 496 206 505 Ι
267 413 415 466 cxxxv!
594 392 935 514 munninio.

265 607 311 663 uc
326 579 568 684 typographi
579 607 743 674 errores,
769 585 876 662 leves
890 537 1115 684 plerosque,
1141 601 1271 688 quan·-

265 743 387 818 quam
407 719 527 796 nimis
554 721 701 797 multos
726 745 801 821 pro
829 716 1055 818 diligentia,
1098 697 1269 814 quaein

266 851 510 952 corrigendis
531 854 701 956 plagulis
721 855 896 932 adhibita
922 849 977 928 est
999 849 1170 938 summa,
1220 863 1270 924 ut

187 1033 192 1052 ·
265 985 494 1088 percensere
514 1013 566 1064 ne
585 993 781 1094 graveris,
821 1005 1032 1086 antequam
1060 984 1110 1058 ad
1134 979 1268 1084 ipsum

124 1117 128 1132 '
232 1112 369 1222 ¹,opus
400 1119 619 1224 legendum
648 1111 824 1214 accedae,
875 1117 1052 1224 impense
1083 1133 1122 1193 te
1154 1143 1267 1218 rogo,
1353 1161 1359 1170 ·

263 1253 389 1334 lector
413 1259 627 1350 benevole,
673 1267 785 1354 cujus
810 1257 976 1360 quidem
1007 1239 1158 1351 judicio
1188 1260 1268 1348 jam

255 1381 329 1468 'mc
347 1415 539 1494 meosque
559 1395 721 1472 labores.
736 1396 877 1472 volens
901 1393 1099 1496 permitto.
1156 1387 1268 1464 Reli·

262 1551 366 1626 quos
402 1529 642 1633 Quintiliani
671 1531 794 1608 libros
822 1516 1016 1607 continuo
1046 1551 1115 1602 rne
1151 1523 1268 1600 datu·

262 1685 353 1737 rum
388 1659 514 1764 spero.
598 1667 766 1740 Interim
815 1663 959 1754 scito,
984 1661 1097 1763 prelo
1137 1657 1267 1752 subie-

262 1812 374 1872 ctum
393 1793 508 1870 fuisse
530 1799 794 1898 Bipontinum
811 1798 1010 1902 scriptoris
1031 1795 1113 1872 mei
1136 1819 1269 1870 exem-

151 1938 156 1942 ’
260 1931 397 2032 plum,
417 1931 470 2004 1⁶11
493 1957 576 2032 quo
601 1931 650 2023 fi,
685 1929 794 2010 nunc
816 1931 1019 2010 mutandis
1039 1955 1147 2008 nunc
1172 1930 1266 2004 reti-

261 2064 406 2142 nendis
427 2061 711 2146 sententiarum
732 2067 1063 2154 diremtionibus,
1091 2067 1195 2180 plue
1208 2079 1266 2138 et·

147 2221 152 2230 ·
260 2199 362 2290 iam,
396 2223 518 2302 quam
540 2203 734 2294 iudicavi,
770 2203 825 2279 est
848 2206 1072 2292 turbatum,
1104 2202 1265 2276 veniam

262 2307 366 2436 peto.
425 2339 472 2410 ln
495 2341 674 2440 margine
698 2341 889 2417 interiore
907 2351 1063 2416 notatae
1087 2331 1180 2412 sunt
1195 2359 1264 2436 pa·

261 2471 377 2572 ginae
399 2473 723 2550 Burmannianac.
801 2479 915 2551 Dum
939 2497 1036 2549 vero
1060 2461 1141 2572 ipsa
1166 2471 1263 2546 haec
1325 2545 1327 2552 .

260 2601 451 2715 praefatio
478 2611 586 2708 typis
612 2613 867 2714 exprimitur,
909 2607 1085 2710 effigiem¹
1103 2607 1264 2682 nummi

259 2741 372 2816 illius
390 2743 607 2832 Putiniani,
638 2745 821 2822 habentis
843 2769 992 2820 nomen
1010 2739 1263 2848 Quintiliani,

261 2873 312 2950 de
329 2865 411 2974 quo
426 2872 543 2976 supra
566 2875 670 2968 dixi,
696 2901 854 2954 mecum
874 2876 1184 2982 communicavit
1199 2875 1265 2949 vir

260 3007 462 3099 eruditus,
481 3011 689 3113 literisque
702 3015 888 3108 juvandis
902 3011 1056 3114 semper
1073 3013 1265 3102 intentus,

259 3141 475 3242 ilirclrhof,
504 3149 668 3224 Senator
692 3147 1019 3249 Hamburgensts,
1049 3141 1267 3224 concessam

259 3279 333 3358 sibi
354 3281 402 3356 ab
418 3279 668 3358 illustrilsuna
681 3282 973 3385 doctissimaque
989 3283 1146 3360 Comite
1162 3283 1281 3402 Beu-t

259 3416 428 3508 tincltia,
455 3408 576 3518 ipsius
602 3422 761 3508 nummi
784 3419 957 3500 domina.
1016 3419 1188 3516 Apparet
1202 3415 1267 3490 ibi

259 3579 304 3629 os
327 3551 496 3654 Augusti
516 3553 726 3644 aliorsum,
763 3563 883 3655 quum
907 3557 952 3630 in
968 3553 1098 3628 Patini
1124 3547 1266 3650 effigie,

196 3665 200 3673 ¹
257 3663 452 3788 l'pectans,
482 3688 672 3766 videlieet
695 3687 957 3766 sinistrorsum
971 3685 1078 3762 illud
1096 3709 1269 3762 conver·

256 3823 368 3896 titur.
428 3823 612 3900 Cautem
634 3821 724 3902 satis
742 3821 951 3900 manifesto
973 3816 1200 3922 agnoscitur
1219 3821 1270 3896 iu

256 3955 446 4044 nomine,
476 3981 703 4058 quanquam
725 3961 859 4060 aliqua
880 3957 935 4034 est
961 3959 1171 4034 literarum
1193 3949 1273 4032 ob·

257 4087 431 4166 scuritas.
