2840 4778
243 342 336 417 mr
574 293 921 404 runara‘rlo.

301 519 358 598 est
382 519 541 598 Rollini
568 516 797 594 institutum
824 513 1035 592 breviandi
1066 515 1248 592 rhetoris.
1341 507 1343 512 ’

153 678 161 693 “
243 708 249 720 -
303 655 470 735 Editum
517 651 598 732 tuit
646 648 932 752 compendium
977 647 1057 734 hoc
1098 645 1251 762 Parisiie

308 809 429 887 1715.
472 812 534 864 12.
605 785 863 865 Monendum
894 783 1077 874 videtur,
1121 787 1252 864 Rolli-

173 965 190 1011 ρ
232 943 234 950 ’
303 953 408 1004 num
433 926 587 1002 nullam
618 917 794 1000 habuiffe
825 945 963 998 curam
989 917 1251 998 Gibsonianao

159 1063 170 1094 “’
246 1127 250 1138 .
285 1061 370 1141 ..vel
390 1030 652 1136 Obrechtinae
677 1056 914 1135 editionum

246 1249 441 1360 Lugduni
465 1262 506 1333 B.
542 1281 659 1352 1720.
697 1268 735 1356 4.
794 1253 1015 1337 Burmanni
1038 1223 1163 1331 editio
1188 1259 1252 1350 ju·

301 1375 399 1472 stam
422 1393 541 1470 habet
566 1395 611 1468 in
635 1391 799 1494 singulis
832 1393 931 1468 locis
959 1387 1157 1466 Codicum
1187 1414 1251 1464 re·

150 1583 153 1590 -
244 1549 247 1558 ·
302 1528 547 1616 censionem,
591 1554 694 1626 quos
726 1523 988 1628 repraesentat
1014 1549 1181 1614 novem,
1221 1520 1252 1597 st

242 1655 246 1664 ⁵
301 1659 673 1766 Argentoratensem
698 1661 981 1761 complecteris.
1031 1656 1144 1734 Bodl.
1168 1655 1249 1732 Bal.

153 1857 156 1864 -
246 1787 252 1796 ⁸
301 1803 437 1876 Ioann.
459 1797 560 1872 Alm.
586 1789 687 1870 Voff.
715 1821 748 1870 1.
768 1818 804 1868 2.
821 1813 858 1884 3.
888 1798 1001 1870 Bern.
1026 1797 1116 1894 Arg.
1137 1817 1269 1893 prae-l

301 1947 363 2008 ter
392 1928 586 2031 quosdam
619 1955 708 2005 raro
741 1931 897 2020 citatos,
953 1947 1002 2006 ut
1031 1927 1252 2006 Poullainii

211 2127 217 2138 .
301 2083 342 2142 et
361 2065 649 2146 Colbertinum.
709 2064 772 2146 Ad
787 2063 904 2142 hosce
919 2067 1045 2168 igitur
1056 2069 1252 2142 Burman-

299 2203 442 2280 nianos
463 2226 557 2278 cum
579 2198 765 2275 accedant
788 2214 828 2275 et
852 2200 1059 2292 Vallensrs,
1084 2198 1277 2282 aBadio,

209 2394 211 2413 .
243 2325 248 2334 ¹
298 2335 531 2438 usurpatus,
554 2339 606 2409 'et
628 2350 706 2411 tres
728 2336 829 2426 mei,
862 2334 1031 2412 efficitur
1054 2361 1253 2413 numerus

247 2447 252 2482 ³
298 2471 492 2547 tredecim
507 2469 718 2562 Codicum,
737 2497 913 2570 quorum
928 2475 1159 2548 auctoritate
1178 2469 1254 2547 ad-

164 2603 169 2616 '
244 2599 247 2612 '
297 2605 381 2684 huc
406 2609 551 2682 nititur
572 2621 700 2683 textus
723 2607 1030 2716 Quintilianeus
1067 2583 1087 2718 ΙΙ

240 2806 405 2887 Parisiis.
449 2825 570 2902 1725.
606 2811 647 2884 F.
707 2811 1054 2912 Capperonnerius
1069 2826 1251 2912 'quantas

200 2973 209 2984 ·
246 3009 249 3015 .
299 2965 447 3044 poenas
471 2941 626 3020 dederit
646 2947 898 3037 Burmanno,
934 2943 1015 3021 ase
1038 2944 1127 3022 [atis
1149 2971 1250 3047 pro-

245 3131 254 3142 ·
297 3092 408 3154 terve
431 3075 607 3169 laceffito,
636 3083 754 3156 etiam
775 3083 820 3158 in
844 3083 992 3182 vulgus
1013 3097 1158 3160 notum
1176 3079 1248 3157 est.

297 3211 495 3290 Veriffima
520 3211 576 3292 est
602 3213 793 3292 sententia
813 3215 967 3294 Ernesti
994 3217 1090 3294 bibl.
1115 3217 1179 3292 lat.
1205 3238 1251 3308 2,

301 3367 398 3444 275,
428 3352 473 3427 in
495 3353 629 3428 critica
648 3352 802 3428 ratione
823 3355 1053 3430 Burmanuo
1076 3349 1251 3430 inferio-

291 3507 379 3560 rem
400 3483 520 3586 longe
536 3485 906 3586 Capperonnerium
929 3487 1153 3583 judicantis,
1180 3507 1251 3562 ce·

248 3687 253 3696 .
293 3631 429 3702 terum
460 3624 544 3714 ejus
575 3622 621 3696 in
649 3621 925 3726 Quintiliano,
970 3623 1017 3700 iu
1049 3623 1190 3723 primis
1218 3645 1249 3698 e

295 3751 452 3830 Graecis
484 3754 728 3832 auctoribus
765 3755 1021 3846 illustrando,
1079 3781 1250 3856 operam

182 3895 185 3902 ’
246 3963 261 3980 ,,
292 3905 379 3964 non
403 3889 734 3966 contemnendam
752 3885 826 3966 eisc
841 3887 1054 3970 statuentis.
1112 3889 1261 3996 Quid-¹

290 4018 393 4120 quid
418 4021 528 4104 euim
556 4023 759 4104 maledicit
787 4039 828 4102 et
855 4023 962 4104 ridet
983 4028 1036 4104 iu
1065 4023 1246 4130 Epistola
