2870 4792
226 347 230 352 ·
293 348 297 357 ’
339 353 697 430 ms‘raonnroa.
726 359 817 429 Lm.
840 356 958 450 rna
1078 381 1149 451 ⁸⁷7

33 543 36 550 ’
140 557 375 619 connectere
400 545 620 646 incipiunt,
648 561 695 624 ut
716 549 898 648 protinus
912 545 1150 624 memoriam

138 655 321 734 firment:
354 661 409 734 ita
433 687 527 737 curn
560 667 638 755 jam
665 659 837 739 fomtam
870 677 997 737 rectae
1028 676 1147 760 atque

138 773 368 849 emendatae
402 777 592 852 orationis
627 777 839 878 accipient,
868 777 1145 877 extemporalis
1208 799 1238 886 ἰ

135 889 363 988 garrulitas,
411 915 485 966 nec
523 909 719 994 expectata
753 893 958 993 cogitatio,
1002 907 1041 966 et
1074 893 1144 966 vix

135 999 326 1104 surgendi
349 1030 481 1096 mora,
495 1009 782 1086 ,circulatoriae
807 1032 901 1082 vere
924 1005 1142 1101 jactationis
1193 995 1200 1004 ’

135 1116 209 1192 est.'
259 1113 591 1221 Hincparentum
609 1125 888 1222 imperitorum
908 1125 1025 1198 inane
1046 1121 1190 1220 gau-ae
1278 1133 1294 1152 “
1388 1123 1394 1146 ‘

136 1231 273 1324 dium;
299 1234 391 1334 ipsis
407 1261 505 1312 vero
524 1255 745 1314 contemtus
761 1237 918 1338 operis,
931 1253 971 1310 et
984 1239 1141 1310 invere-

136 1349 268 1426 cunda
292 1345 423 1438 frons,
454 1367 492 1426 et
517 1349 762 1430 consuetudo
787 1349 941 1466 peffime
959 1349 1141 1440 dicendi,

135 1479 173 1537 et
186 1464 387 1542 malorum
399 1467 637 1556 exercitatio,
659 1477 717 1555 e't,
739 1492 839 1568 quae
858 1491 1020 1566 magnos
1038 1491 1140 1565 quo·

77 1599 215 1678 aerque
245 1577 447 1679 profectus
477 1580 708 1682 frequenter
732 1581 926 1684 perdidit,
955 1605 1150 1698 arrogans

135 1693 184 1768 de
203 1691 243 1768 sc
266 1691 461 1794 persuasio
477 1695 701 1773 innascitur.
759 1699 845 1774 Erit
866 1694 984 1775 suum
998 1721 1137 1796 parsu·
1121 1670 1190 1778 -as

136 1807 206 1884 dae
226 1807 409 1888 facilitati
429 1827 604 1912 tempus,
631 1837 705 1887 nec
722 1839 743 1888 a
760 1813 875 1889 nobis
891 1805 1139 1912 negligenter

135 1924 247 2002 locus
263 1923 334 1998 lste
350 1923 586 2004 transibitur
617 1931 781 2004 Interim
793 1925 881 2002 satis
895 1925 969 2016 est
992 1871 1138 2026 sipuer

136 2044 247 2115 omni
274 2065 369 2116 cura
390 2057 428 2114 et
449 2039 625 2128 summo,
653 2059 847 2142 quantum
868 2057 967 2116 aetas
990 2043 1058 2116 illa
1077 2065 1139 2115 ca·

134 2155 209 2254 pit,
249 2155 386 2230 labore
418 2157 571 2254 aliquid
605 2158 810 2256 probabile
840 2154 1056 2255 scripserit:
1093 2158 1138 2230 in

135 2267 210 2344 hoc
242 2265 602 2364 affuescat„hujus
628 2272 686 2348 rei
709 2287 892 2346 naturam
917 2267 987 2343 libi
1010 2267 1137 2342 saciat.

135 2385 203 2460 llle
223 2384 391 2462 demum
414 2385 543 2475 inid,
580 2385 693 2486 quod
720 2386 969 2486 quaerimus,
1004 2399 1073 2458 aut
1099 2383 1138 2460 ei

134 2549 154 2604 fi
173 2547 276 2604 idonea
298 2549 388 2606 eodd.
414 2546 579 2605 anctoritate
603 2547 811 2609 defenderetur,
838 2545 918 2626 spoile
945 2547 1138 2622 unusquisqne

133 2635 314 2707 acquiesceret
327 2633 357 2687 in
369 2647 486 2708 recepta.
651 2649 811 2688 connectere.
834 2631 927 2690 Guels.
943 2647 1053 2687 nectere.

193 2733 285 2774 rectae
298 2748 339 2762 -
357 2721 493 2774 orationis.
538 2715 625 2778 Goth.
640 2721 711 2786 (tac.
726 2719 822 2785 Gelu.)
836 2733 905 2773 recte
918 2715 1043 2794 loquendi
1056 2732 1137 2793 atque

133 2803 290 2858 enetulaeee
306 2805 433 2859 orationis
448 2821 513 2856 cum
527 2801 602 2859 von.
621 2817 648 2856 2.
664 2801 767 2877 quibua
788 2801 921 2858 accedunt
946 2800 1052 2876 aliquot
1073 2799 1136 2855 edd.

133 2901 201 2942 vett.
363 2884 508 2962 facilitati.
551 2889 591 2940 lta
604 2905 660 2942 non
675 2887 757 2962 pauci
770 2885 858 2944 codd.
877 2901 905 2942 et
919 2886 991 2942 sorte
1004 2886 1043 2940 ita
1056 2885 1137 2940 dede·

133 2987 194 3027 aaut
212 2970 381 3048 Bipontini.
403 2990 488 3044 quere
509 2969 628 3044 reliqui,
645 2989 802 3046 quanquam
818 2972 898 3030 Gesn.
914 2989 978 3026 cum
994 2973 1093 3026 Burin.
1109 2983 1139 3028 at

136 3053 273 3131 plerisque
288 3069 403 3112 recente.
413 3053 548 3128 facultati
554 3093 562 3114 ,
581 3055 684 3134 exiguo
699 3057 865 3112 discrimine.
894 3055 989 3112 Traric.
1005 3067 1033 3108 et
1048 3053 1135 3110 Gotla.

136 3135 199 3207 (ter.
212 3135 463 3214 Gelu.)sacilitaeis
476 3157 540 3194 cum
555 3139 630 3194 Vols.
648 3155 675 3194 ι.
691 3139 772 3196 Bodl.
788 3157 816 3196 ea
834 3141 974 3218 plerisque
989 3137 1051 3194 edd.
1065 3152 1136 3194 vett.

138 3222 229 3280 Guels.
245 3223 390 3302 felicitatis
403 3241 453 3298 per
465 3241 597 3278 errorem.

177 3377 237 3412 aere
249 3361 416 3428 jactationis.
440 3355 615 3431 Maliensem
656 3359 732 3416 cendi
755 3356 919 3434 consuetudo
942 3373 1000 3411 nou
1022 3353 1137 3410 videtur

134 3441 200 3509 ieet.
221 3441 256 3496 cs·
272 3461 297 3500 ι.
314 3455 341 3503 2.
359 3461 405 3496 ιο.
656 3439 768 3498 dillerre
783 3463 797 3496 a
813 3445 943 3498 naulorum
966 3442 1137 3494 exercitatio-

175 3513 408 3581 melortunetrerc.
453 3524 613 3582 ululatui.
657 3549 704 3588 ne,
734 3545 820 3602 quere
840 3526 959 3578 alterum
983 3523 1075 3578 omisit
1095 3523 1136 3576 in·

134 3608 197 3664 sunt
209 3610 324 3672 vitiose,
341 3608 472 3684 nullaque
486 3609 616 3684 eloquen-
657 3625 762 3686 terpres
779 3611 911 3666 Gatttcut.
986 3631 990 3640 ·

137 3691 189 3752 tia,
217 3693 299 3746 dieta.
353 3695 455 3774 Agitur
485 3693 519 3747 de
549 3695 615 3747 artie

136 3775 274 3852 pravitate
297 3793 355 3831 non
379 3779 412 3832 de
435 3777 537 3839 aniani,
559 3795 617 3852 quo
699 3779 726 3831 in
742 3777 770 3830 id
783 3775 856 3851 quod
869 3779 1028 3848 quaerimett.
1058 3779 1138 3831 Sum·

137 3859 250 3912 nomine
266 3861 338 3914 ludit
354 3861 382 3916 in
397 3863 461 3916 tueli
479 3859 617 3916 vocabulo
659 3877 733 3914 marn
748 3859 882 3934 nimirum
898 3860 1084 3932 eloquentiam
1100 3861 1135 3914 cs.
1184 3877 1196 3888 ·

137 3938 236 3998 Horat.
260 3947 348 3999 Serta.
374 3959 402 4006 2,
432 3965 457 4005 ι,
481 3957 530 4015 83.
574 3945 619 4000 Sic
663 3963 689 4005 r,
709 3963 755 4005 ao,
776 3955 805 4015 4.
830 3921 862 3997 sn
884 3963 1011 3998 cacumen
1034 3945 1137 4000 montis

143 4043 190 4086 tu,
211 4047 235 4086 r,
257 4028 423 4104 119,velle
436 4041 567 4109 opttua
590 4045 618 4084 et
659 4029 773 4084 euadere
789 4027 920 4100 srequeue
937 4027 1051 4084 loctuio.
1080 4029 1138 4084 vid.

140 4107 209 4162 ibid.
225 4110 251 4178 ς.
272 4127 324 4180 ¹5¹
351 4115 482 4176 ,pensiore
503 4111 619 4168 vellet.u
625 4133 634 4164 t
659 4109 1143 4187 Drnlenb.adLiv.4,34,1·

141 4193 195 4248 Sed
216 4196 332 4251 otiendit
353 4197 430 4272 quod
450 4195 557 4276 peffime
579 4197 621 4253 et·
660 4197 704 4254 Cs.
721 4197 793 4273 supr.
814 4215 839 4256 a.
855 4209 883 4256 2,
901 4195 950 4250 26.
