2838 4792
373 373 375 378 ’
440 369 801 492 lanternam.
1058 395 1138 454 axv

181 575 292 636 rent.
349 559 454 636 Mira'
479 559 585 635 inter
610 560 729 652 hujus
758 559 924 664 collegii
948 559 1133 644 homines
1189 599 1192 616 ·

179 691 397 772 intercedit
416 694 617 771 bonorum
631 685 893 788 communio,
920 715 969 774 ut
993 725 1045 794 ne
1065 725 1134 800 ap·

116 885 121 896 .
177 847 319 933 pareat
341 827 519 928 quidem,
549 826 684 904 Blassii
707 857 807 932 opus
825 833 1132 934 repetitumess'e

170 963 442 1052 mannetis,
471 959 545 1042 nisi
562 967 618 1054 ei,
647 967 720 1065 qui
734 965 813 1043 hoc
832 992 994 1068 quoque
1016 969 1131 1055 usur-
1182 1005 1184 1008 ·

175 1103 293 1202 parit.
381 1097 594 1198 Philologo
625 1115 758 1176 totum
790 1101 870 1178 hoc
901 1101 1130 1183 institutum

178 1259 273 1312 non
290 1259 531 1334 magnopere
552 1233 774 1333 probetur,
802 1233 874 1310 ubi
893 1255 1012 1316 aetus
1036 1238 1129 1318 iori-
1186 1235 1188 1240 ’

145 1407 148 1413 ·
178 1385 275 1472 ptor
293 1368 342 1444 ad
365 1366 539 1446 formam
560 1367 794 1471 recentioris
819 1373 1046 1470 compendii
1066 1401 1128 1456 re·

177 1503 354 1604 digitur,
395 1506 621 1604 artiumque
649 1504 866 1603 praeceptis
892 1489 1080 1588 oneratur
1106 1536 1130 1585 e

172 1640 439 1744 popularium
461 1639 650 1738 operibus
673 1639 884 1738 excerptis,
912 1641 1023 1740 quod
1041 1642 1130 1722 lon.

174 1799 228 1877 ge
253 1773 362 1860 secus
385 1773 440 1850 est
465 1775 510 1848 in
532 1771 734 1848 aotlind·
772 1771 1129 1886 Chrestomathiam
1222 1795 1226 1803 '

179 1909 507 2022 Quinctilium,
543 1924 588 1984 ut
613 1923 757 1984 vocant
777 1911 851 2010 qui
874 1909 976 1988 hano
997 1917 1127 2016 epito·
1172 1897 1177 1917 ’

174 2071 273 2124 men
302 2043 568 2132 adornarunt,
615 2060 866 2142 quantaene
898 2045 1127 2141 defendant,

175 2175 207 2256 fi
226 2175 463 2268 defendunt,
492 2178 674 2278 exemplo
691 2163 913 2258 Columnae
926 2187 1127 2277 Traianae,

173 2317 437 2414 viaeAppiae,
465 2313 561 2416 legis
573 2315 839 2413 Semproniae,
867 2313 998 2392 nescio
1014 2320 1129 2416 equi-

174 2449 289 2538 dem;
315 2448 498 2550 displicet
517 2465 649 2524 tamen
666 2447 779 2545 quod
795 2473 947 2523 novare
973 2431 1128 2550 aliquid

179 2587 430 2674 maluerunt,
460 2609 580 2683 quam
603 2580 905 2692 Quintilianeum
931 2585 1127 2684 appellare

189 2741 277 2792 cum
299 2735 359 2796 tot
385 2715 481 2794 'viris
508 2715 752 2806 cloctissimi5‚
789 2715 991 2816 quidquid
1009 2721 1129 2818 perti-
1164 2769 1169 2780 ·

186 2867 291 2926 neret
310 2852 361 2928 ad
379 2851 614 2951 scriptorem
631 2844 823 2928 nostrum.
883 2855 1030 2952 Neque
1045 2880 1128 2932 ma·

176 3011 293 3088 gnam
324 2983 630 3064 committendae
658 3000 697 3058 et
724 2987 1015 3064 continuandae
1041 3015 1127 3066 ora·

168 3124 294 3200 tionis
315 3119 529 3198 sollertiam
558 3121 603 3194 in
631 3117 708 3194 hoc
735 3125 897 3221 negotio
927 3123 1126 3222 praestite-

168 3273 293 3347 runt,
318 3283 410 3334 cum
431 3255 599 3332 Fabium
627 3255 811 3348 juberent
832 3255 943 3343 hunc
966 3262 1010 3336 in
1036 3241 1126 3338 mo·

169 3393 276 3470 dum
306 3393 439 3490 loqui:
490 3389 613 3478 „Inde
639 3386 885 3481 e1·it·'status,
924 3393 1038 3493 quod
1071 3431 1120 3450 ·-

165 3529 356 3620 „auditor
397 3523 653 3625 spectandum
696 3527 868 3601 maxime
915 3528 1124 3628 intelligit:

166 3659 312 3763 „quod
338 3651 433 3772 effct
457 3661 502 3734 in
527 3638 638 3738 causa
662 3657 989 3759 potentissimum,
1019 3663 1124 3740 etin

166 3823 279 3897 „quo
317 3797 488 3870 maxime
525 3819 588 3902 res
623 3805 881 3870 verteretur.“
967 3795 1124 3876 Frustra

167 3919 460 4008 Grammaticus
476 3929 543 4002 hic
560 3927 795 4016 structuram
811 3927 995 4028 expedire
1013 3931 1119 4010 labo·

167 4083 255 4160 ret,
294 4079 335 4142 et
357 4067 548 4166 temporis
576 4078 645 4142 aut
667 4063 784 4142 modi
812 4065 1008 4142 rationem
1035 4063 1128 4142 red·
1222 4143 1229 4156 ,

718 4221 742 4274 e
