<?xml version="1.0" encoding="UTF-8"?>
<!DOCTYPE html PUBLIC "-//W3C//DTD XHTML 1.0 Transitional//EN"
    "http://www.w3.org/TR/xhtml1/DTD/xhtml1-transitional.dtd">
<html xmlns="http://www.w3.org/1999/xhtml" xml:lang="en" lang="en">
 <head>
  <title>
</title>
<meta http-equiv="Content-Type" content="text/html;charset=utf-8" />
  <meta name='ocr-system' content='tesseract 3.04.00' />
  <meta name='ocr-capabilities' content='ocr_page ocr_carea ocr_par ocr_line ocrx_word'/>
</head>
<body>
  <div class='ocr_page' id='page_1' title='image "./deinstitutioneo08quingoog_0040.png"; bbox 0 0 2840 4778; ppageno 0'>
   <div class='ocr_carea' id='block_1_1' title="bbox 268 388 939 508">
    <p class='ocr_par' dir='ltr' id='par_1_1' title="bbox 268 388 939 508">
     <span class='ocr_line' id='line_1_1' title="bbox 268 388 939 508; baseline -0.019 -36"><span class='ocrx_word' id='word_1_1' title='bbox 268 417 405 508; x_wconf 30' lang='lat' dir='ltr'>xxxva·</span> <span class='ocrx_word' id='word_1_2' title='bbox 500 419 509 440; x_wconf 71' lang='lat'><strong><em>‘</em></strong></span> <span class='ocrx_word' id='word_1_3' title='bbox 598 388 939 466; x_wconf 75' lang='lat' dir='ltr'><strong>PRAEFATIO.</strong></span> 
     </span>
    </p>
   </div>
   <div class='ocr_carea' id='block_1_2' title="bbox 111 547 1352 820">
    <p class='ocr_par' dir='ltr' id='par_1_2' title="bbox 111 547 1352 820">
     <span class='ocr_line' id='line_1_2' title="bbox 111 547 1352 669; baseline -0.017 2"><span class='ocrx_word' id='word_1_4' title='bbox 111 547 129 568; x_wconf 21' lang='grc' dir='ltr'>Ἰ</span> <span class='ocrx_word' id='word_1_5' title='bbox 256 582 429 669; x_wconf 81' lang='lat' dir='ltr'>&#39;Consul</span> <span class='ocrx_word' id='word_1_6' title='bbox 447 587 533 660; x_wconf 86' lang='lat' dir='ltr'>non</span> <span class='ocrx_word' id='word_1_7' title='bbox 554 575 680 657; x_wconf 82' lang='lat' dir='ltr'>fuerit</span> <span class='ocrx_word' id='word_1_8' title='bbox 702 593 871 668; x_wconf 85' lang='lat' dir='ltr'>creatus,</span> <span class='ocrx_word' id='word_1_9' title='bbox 907 577 1005 652; x_wconf 88' lang='lat' dir='ltr'>alter</span> <span class='ocrx_word' id='word_1_10' title='bbox 1018 575 1151 654; x_wconf 83' lang='lat' dir='ltr'>autem</span> <span class='ocrx_word' id='word_1_11' title='bbox 1168 577 1279 654; x_wconf 85' lang='lat' dir='ltr'>Con-</span> <span class='ocrx_word' id='word_1_12' title='bbox 1334 551 1352 564; x_wconf 62' lang='grc'><em>”</em></span> 
     </span>
     <span class='ocr_line' id='line_1_3' title="bbox 133 710 1279 820; baseline -0.011 -19"><span class='ocrx_word' id='word_1_13' title='bbox 133 741 134 748; x_wconf 77' lang='grc'>’</span> <span class='ocrx_word' id='word_1_14' title='bbox 219 729 222 738; x_wconf 89' lang='grc'>’</span> <span class='ocrx_word' id='word_1_15' title='bbox 277 721 419 801; x_wconf 83' lang='lat' dir='ltr'>iularia</span> <span class='ocrx_word' id='word_1_16' title='bbox 435 717 602 820; x_wconf 86' lang='lat' dir='ltr'>quidem</span> <span class='ocrx_word' id='word_1_17' title='bbox 619 729 849 794; x_wconf 86' lang='lat' dir='ltr'>ornamenta</span> <span class='ocrx_word' id='word_1_18' title='bbox 866 715 1077 814; x_wconf 84' lang='lat' dir='ltr'>acceperit,</span> <span class='ocrx_word' id='word_1_19' title='bbox 1116 710 1185 789; x_wconf 82' lang='lat' dir='ltr'>ted</span> <span class='ocrx_word' id='word_1_20' title='bbox 1206 739 1279 789; x_wconf 89' lang='lat' dir='ltr'>ne·</span> 
     </span>
    </p>
   </div>
   <div class='ocr_carea' id='block_1_3' title="bbox 221 849 1285 967">
    <p class='ocr_par' dir='ltr' id='par_1_3' title="bbox 221 849 1285 967">
     <span class='ocr_line' id='line_1_4' title="bbox 221 849 1285 967; baseline -0.01 -33"><span class='ocrx_word' id='word_1_21' title='bbox 221 953 227 967; x_wconf 38' lang='grc'><strong><em>,</em></strong></span> <span class='ocrx_word' id='word_1_22' title='bbox 279 881 359 960; x_wconf 88' lang='lat' dir='ltr'>que</span> <span class='ocrx_word' id='word_1_23' title='bbox 377 850 601 956; x_wconf 76' lang='lat' dir='ltr'>Augustum</span> <span class='ocrx_word' id='word_1_24' title='bbox 615 849 849 939; x_wconf 85' lang='lat' dir='ltr'>instituerit,</span> <span class='ocrx_word' id='word_1_25' title='bbox 882 871 1015 950; x_wconf 88' lang='lat' dir='ltr'>neque</span> <span class='ocrx_word' id='word_1_26' title='bbox 1032 873 1152 926; x_wconf 80' lang='lat' dir='ltr'>venas</span> <span class='ocrx_word' id='word_1_27' title='bbox 1170 851 1285 960; x_wconf 26' lang='lat' dir='ltr'>Con-¹</span> 
     </span>
    </p>
   </div>
   <div class='ocr_carea' id='block_1_4' title="bbox 126 967 1319 1094">
    <p class='ocr_par' dir='ltr' id='par_1_4' title="bbox 126 967 1319 1094">
     <span class='ocr_line' id='line_1_5' title="bbox 126 967 1319 1094; baseline -0.011 -25"><span class='ocrx_word' id='word_1_28' title='bbox 126 1049 128 1057; x_wconf 82' lang='lat'><em>-</em></span> <span class='ocrx_word' id='word_1_29' title='bbox 279 967 342 1068; x_wconf 80' lang='lat' dir='ltr'>iul</span> <span class='ocrx_word' id='word_1_30' title='bbox 356 987 490 1066; x_wconf 84' lang='lat' dir='ltr'>fuerit.</span> <span class='ocrx_word' id='word_1_31' title='bbox 550 992 786 1094; x_wconf 81' lang='lat' dir='ltr'><strong>Quanquam</strong></span> <span class='ocrx_word' id='word_1_32' title='bbox 801 981 943 1060; x_wconf 85' lang='lat' dir='ltr'>refldet</span> <span class='ocrx_word' id='word_1_33' title='bbox 961 983 1092 1084; x_wconf 89' lang='lat' dir='ltr'>aliqua</span> <span class='ocrx_word' id='word_1_34' title='bbox 1110 979 1282 1060; x_wconf 80' lang='lat' dir='ltr'>difficul-</span> <span class='ocrx_word' id='word_1_35' title='bbox 1302 975 1319 988; x_wconf 62' lang='lat'>&#39;⁴</span> 
     </span>
    </p>
   </div>
   <div class='ocr_carea' id='block_1_5' title="bbox 275 1111 1286 1498">
    <p class='ocr_par' dir='ltr' id='par_1_5' title="bbox 275 1111 1286 1498">
     <span class='ocr_line' id='line_1_6' title="bbox 278 1111 1283 1250; baseline -0.012 -46"><span class='ocrx_word' id='word_1_36' title='bbox 278 1127 410 1204; x_wconf 86' lang='lat' dir='ltr'>tasin</span> <span class='ocrx_word' id='word_1_37' title='bbox 442 1120 525 1200; x_wconf 83' lang='lat' dir='ltr'>istis</span> <span class='ocrx_word' id='word_1_38' title='bbox 548 1119 737 1200; x_wconf 77' lang='lat' dir='ltr'>Ausonii·</span> <span class='ocrx_word' id='word_1_39' title='bbox 778 1111 994 1250; x_wconf 77' lang='lat' dir='ltr'>„Caesares</span> <span class='ocrx_word' id='word_1_40' title='bbox 1025 1115 1283 1195; x_wconf 62' lang='grc' dir='ltr'>ιίοιτιεὸιιιιιιινιι</span> 
     </span>
     <span class='ocr_line' id='line_1_7' title="bbox 275 1250 1286 1358; baseline -0.006 -21"><span class='ocrx_word' id='word_1_41' title='bbox 275 1259 349 1338; x_wconf 76' lang='lat' dir='ltr'>¹sed</span> <span class='ocrx_word' id='word_1_42' title='bbox 378 1259 561 1358; x_wconf 82' lang='lat' dir='ltr'>ambigua</span> <span class='ocrx_word' id='word_1_43' title='bbox 589 1251 745 1333; x_wconf 83' lang='lat' dir='ltr'>fortaffe</span> <span class='ocrx_word' id='word_1_44' title='bbox 774 1251 830 1330; x_wconf 88' lang='lat' dir='ltr'>est</span> <span class='ocrx_word' id='word_1_45' title='bbox 860 1257 988 1332; x_wconf 87' lang='lat' dir='ltr'>oratio</span> <span class='ocrx_word' id='word_1_46' title='bbox 1012 1277 1034 1327; x_wconf 88' lang='lat' dir='ltr'>a</span> <span class='ocrx_word' id='word_1_47' title='bbox 1057 1250 1286 1331; x_wconf 77' lang='lat' dir='ltr'>calamistris</span> 
     </span>
     <span class='ocr_line' id='line_1_8' title="bbox 279 1383 1252 1498; baseline -0.018 -18"><span class='ocrx_word' id='word_1_48' title='bbox 279 1395 331 1480; x_wconf 72' lang='lat' dir='ltr'>iit</span> <span class='ocrx_word' id='word_1_49' title='bbox 351 1389 499 1498; x_wconf 79' lang='lat' dir='ltr'>quibus</span> <span class='ocrx_word' id='word_1_50' title='bbox 516 1415 604 1470; x_wconf 85' lang='lat' dir='ltr'>eam</span> <span class='ocrx_word' id='word_1_51' title='bbox 616 1389 750 1472; x_wconf 85' lang='lat' dir='ltr'>inuffit</span> <span class='ocrx_word' id='word_1_52' title='bbox 766 1383 966 1468; x_wconf 78' lang='lat' dir='ltr'>affectator</span> <span class='ocrx_word' id='word_1_53' title='bbox 986 1387 1252 1490; x_wconf 83' lang='lat' dir='ltr'>eloquentiae.</span> 
     </span>
    </p>
   </div>
   <div class='ocr_carea' id='block_1_6' title="bbox 201 1647 1352 3381">
    <p class='ocr_par' dir='ltr' id='par_1_6' title="bbox 242 1647 1331 2974">
     <span class='ocr_line' id='line_1_9' title="bbox 352 1647 1292 1764; baseline -0.006 -20"><span class='ocrx_word' id='word_1_54' title='bbox 352 1685 357 1694; x_wconf 85' lang='lat'><em>·</em></span> <span class='ocrx_word' id='word_1_55' title='bbox 390 1669 451 1744; x_wconf 85' lang='lat' dir='ltr'>Ex</span> <span class='ocrx_word' id='word_1_56' title='bbox 471 1661 658 1764; x_wconf 80' lang='lat' dir='ltr'>Hispania</span> <span class='ocrx_word' id='word_1_57' title='bbox 685 1663 857 1738; x_wconf 78' lang='lat' dir='ltr'>nomam</span> <span class='ocrx_word' id='word_1_58' title='bbox 882 1647 1030 1736; x_wconf 75' lang='lat' dir='ltr'>veniss‘e</span> <span class='ocrx_word' id='word_1_59' title='bbox 1056 1656 1186 1736; x_wconf 83' lang='lat' dir='ltr'>fertur</span> <span class='ocrx_word' id='word_1_60' title='bbox 1208 1683 1292 1738; x_wconf 92' lang='lat' dir='ltr'>no-</span> 
     </span>
     <span class='ocr_line' id='line_1_10' title="bbox 242 1769 1292 1896; baseline -0.01 -15"><span class='ocrx_word' id='word_1_61' title='bbox 242 1769 245 1776; x_wconf 25' lang='lat'><em>*</em></span> <span class='ocrx_word' id='word_1_62' title='bbox 281 1801 359 1888; x_wconf 83' lang='lat' dir='ltr'>ster</span> <span class='ocrx_word' id='word_1_63' title='bbox 386 1801 432 1874; x_wconf 90' lang='lat' dir='ltr'>in</span> <span class='ocrx_word' id='word_1_64' title='bbox 465 1798 668 1875; x_wconf 87' lang='lat' dir='ltr'>Chronico</span> <span class='ocrx_word' id='word_1_65' title='bbox 696 1792 930 1874; x_wconf 83' lang='lat' dir='ltr'>Eusebiano.</span> <span class='ocrx_word' id='word_1_66' title='bbox 1001 1795 1082 1874; x_wconf 84' lang='lat' dir='ltr'>Cui</span> <span class='ocrx_word' id='word_1_67' title='bbox 1118 1794 1292 1896; x_wconf 87' lang='lat' dir='ltr'>quidem</span> 
     </span>
     <span class='ocr_line' id='line_1_11' title="bbox 245 1927 1294 2032; baseline -0.009 -20"><span class='ocrx_word' id='word_1_68' title='bbox 245 1927 249 1938; x_wconf 82' lang='grc'><strong>’</strong></span> <span class='ocrx_word' id='word_1_69' title='bbox 282 1933 502 2012; x_wconf 79' lang='lat' dir='ltr'>narrationi</span> <span class='ocrx_word' id='word_1_70' title='bbox 531 1931 771 2010; x_wconf 83' lang='lat' dir='ltr'>Dodwellus</span> <span class='ocrx_word' id='word_1_71' title='bbox 795 1929 912 2007; x_wconf 81' lang='lat' dir='ltr'>doaet</span> <span class='ocrx_word' id='word_1_72' title='bbox 937 1931 1114 2008; x_wconf 88' lang='lat' dir='ltr'>multum</span> <span class='ocrx_word' id='word_1_73' title='bbox 1131 1927 1294 2032; x_wconf 85' lang='lat' dir='ltr'>ponde-</span> 
     </span>
     <span class='ocr_line' id='line_1_12' title="bbox 283 2063 1295 2166; baseline -0.009 -17"><span class='ocrx_word' id='word_1_74' title='bbox 283 2069 339 2149; x_wconf 84' lang='lat' dir='ltr'>tis</span> <span class='ocrx_word' id='word_1_75' title='bbox 354 2063 537 2142; x_wconf 81' lang='lat' dir='ltr'>accedere</span> <span class='ocrx_word' id='word_1_76' title='bbox 559 2064 656 2140; x_wconf 87' lang='lat' dir='ltr'>inde</span> <span class='ocrx_word' id='word_1_77' title='bbox 673 2064 786 2165; x_wconf 88' lang='lat' dir='ltr'>quod</span> <span class='ocrx_word' id='word_1_78' title='bbox 799 2067 987 2144; x_wconf 82' lang='lat' dir='ltr'>videatur</span> <span class='ocrx_word' id='word_1_79' title='bbox 999 2069 1295 2166; x_wconf 83' lang='lat' dir='ltr'>Hieronymus,</span> 
     </span>
     <span class='ocr_line' id='line_1_13' title="bbox 284 2199 1295 2310; baseline -0.004 -30"><span class='ocrx_word' id='word_1_80' title='bbox 284 2199 479 2280; x_wconf 87' lang='lat' dir='ltr'>Chronici</span> <span class='ocrx_word' id='word_1_81' title='bbox 493 2201 631 2276; x_wconf 85' lang='lat' dir='ltr'>Graeci</span> <span class='ocrx_word' id='word_1_82' title='bbox 645 2201 858 2302; x_wconf 79' lang='lat' dir='ltr'>interpres,</span> <span class='ocrx_word' id='word_1_83' title='bbox 887 2199 956 2278; x_wconf 83' lang='lat' dir='ltr'>sua</span> <span class='ocrx_word' id='word_1_84' title='bbox 972 2201 1022 2276; x_wconf 90' lang='lat' dir='ltr'>de</span> <span class='ocrx_word' id='word_1_85' title='bbox 1035 2201 1295 2310; x_wconf 84' lang='lat' dir='ltr'>Quintiliano</span> 
     </span>
     <span class='ocr_line' id='line_1_14' title="bbox 283 2329 1293 2437; baseline -0.005 -24"><span class='ocrx_word' id='word_1_86' title='bbox 283 2329 446 2413; x_wconf 80' lang='lat' dir='ltr'>liaufille</span> <span class='ocrx_word' id='word_1_87' title='bbox 467 2359 516 2410; x_wconf 84' lang='lat' dir='ltr'>ex</span> <span class='ocrx_word' id='word_1_88' title='bbox 542 2331 628 2437; x_wconf 84' lang='lat' dir='ltr'>ipso</span> <span class='ocrx_word' id='word_1_89' title='bbox 652 2337 854 2414; x_wconf 87' lang='lat' dir='ltr'>Suetonio.</span> <span class='ocrx_word' id='word_1_90' title='bbox 910 2339 1056 2414; x_wconf 88' lang='lat' dir='ltr'>Monet</span> <span class='ocrx_word' id='word_1_91' title='bbox 1076 2337 1186 2414; x_wconf 89' lang='lat' dir='ltr'>enim</span> <span class='ocrx_word' id='word_1_92' title='bbox 1206 2333 1293 2410; x_wconf 86' lang='lat' dir='ltr'>hoc</span> 
     </span>
     <span class='ocr_line' id='line_1_15' title="bbox 286 2467 1297 2573; baseline -0.004 -25"><span class='ocrx_word' id='word_1_93' title='bbox 286 2467 429 2548; x_wconf 76' lang='lat' dir='ltr'>diserte</span> <span class='ocrx_word' id='word_1_94' title='bbox 447 2473 492 2546; x_wconf 89' lang='lat' dir='ltr'>in</span> <span class='ocrx_word' id='word_1_95' title='bbox 507 2467 751 2572; x_wconf 81' lang='lat' dir='ltr'>praefatione</span> <span class='ocrx_word' id='word_1_96' title='bbox 767 2473 899 2573; x_wconf 86' lang='lat' dir='ltr'>operis</span> <span class='ocrx_word' id='word_1_97' title='bbox 912 2469 1151 2550; x_wconf 85' lang='lat' dir='ltr'>doctiffimus</span> <span class='ocrx_word' id='word_1_98' title='bbox 1164 2469 1297 2545; x_wconf 87' lang='lat' dir='ltr'>eccle·</span> 
     </span>
     <span class='ocr_line' id='line_1_16' title="bbox 285 2593 1297 2707; baseline -0.003 -25"><span class='ocrx_word' id='word_1_99' title='bbox 285 2603 362 2682; x_wconf 77' lang='lat' dir='ltr'>siae</span> <span class='ocrx_word' id='word_1_100' title='bbox 385 2621 507 2707; x_wconf 89' lang='lat' dir='ltr'>pater,</span> <span class='ocrx_word' id='word_1_101' title='bbox 531 2608 582 2684; x_wconf 84' lang='lat' dir='ltr'>in</span> <span class='ocrx_word' id='word_1_102' title='bbox 601 2605 721 2683; x_wconf 88' lang='lat' dir='ltr'>rebus</span> <span class='ocrx_word' id='word_1_103' title='bbox 740 2609 932 2684; x_wconf 88' lang='lat' dir='ltr'>Romanis</span> <span class='ocrx_word' id='word_1_104' title='bbox 953 2601 1097 2685; x_wconf 80' lang='lat' dir='ltr'>auxilie</span> <span class='ocrx_word' id='word_1_105' title='bbox 1114 2603 1155 2680; x_wconf 83' lang='lat' dir='ltr'>ie</span> <span class='ocrx_word' id='word_1_106' title='bbox 1172 2593 1297 2704; x_wconf 78' lang='lat' dir='ltr'>opus,</span> 
     </span>
     <span class='ocr_line' id='line_1_17' title="bbox 286 2737 1294 2842; baseline -0.004 -24"><span class='ocrx_word' id='word_1_107' title='bbox 286 2737 402 2842; x_wconf 84' lang='lat' dir='ltr'>quod</span> <span class='ocrx_word' id='word_1_108' title='bbox 424 2755 614 2828; x_wconf 81' lang='lat' dir='ltr'>verteret,</span> <span class='ocrx_word' id='word_1_109' title='bbox 670 2738 789 2816; x_wconf 84' lang='lat' dir='ltr'>nium</span> <span class='ocrx_word' id='word_1_110' title='bbox 814 2743 998 2820; x_wconf 88' lang='lat' dir='ltr'>Suetonii</span> <span class='ocrx_word' id='word_1_111' title='bbox 1021 2743 1141 2817; x_wconf 86' lang='lat' dir='ltr'>etiarn</span> <span class='ocrx_word' id='word_1_112' title='bbox 1163 2739 1294 2816; x_wconf 88' lang='lat' dir='ltr'>libris.</span> 
     </span>
     <span class='ocr_line' id='line_1_18' title="bbox 287 2848 1331 2974; baseline 0 -24"><span class='ocrx_word' id='word_1_113' title='bbox 287 2879 371 2959; x_wconf 79' lang='lat' dir='ltr'>Iam</span> <span class='ocrx_word' id='word_1_114' title='bbox 386 2848 520 2948; x_wconf 86' lang='lat' dir='ltr'>indice</span> <span class='ocrx_word' id='word_1_115' title='bbox 538 2875 669 2974; x_wconf 87' lang='lat' dir='ltr'>operis</span> <span class='ocrx_word' id='word_1_116' title='bbox 690 2877 924 2952; x_wconf 86' lang='lat' dir='ltr'>Suetoniani</span> <span class='ocrx_word' id='word_1_117' title='bbox 946 2875 998 2954; x_wconf 87' lang='lat' dir='ltr'>de</span> <span class='ocrx_word' id='word_1_118' title='bbox 1020 2877 1133 2953; x_wconf 86' lang='lat' dir='ltr'>claris</span> <span class='ocrx_word' id='word_1_119' title='bbox 1155 2873 1299 2950; x_wconf 79' lang='lat' dir='ltr'>rheto-</span> <span class='ocrx_word' id='word_1_120' title='bbox 1329 2959 1331 2962; x_wconf 53' lang='grc'><strong>,</strong></span> 
     </span>
    </p>

    <p class='ocr_par' dir='ltr' id='par_1_7' title="bbox 201 3001 1352 3381">
     <span class='ocr_line' id='line_1_19' title="bbox 288 3001 1352 3110; baseline 0.001 -23"><span class='ocrx_word' id='word_1_121' title='bbox 288 3009 423 3098; x_wconf 88' lang='lat' dir='ltr'>ribus,</span> <span class='ocrx_word' id='word_1_122' title='bbox 462 3001 535 3108; x_wconf 80' lang='lat' dir='ltr'>qu&#39;i</span> <span class='ocrx_word' id='word_1_123' title='bbox 557 3033 643 3084; x_wconf 91' lang='lat' dir='ltr'>non</span> <span class='ocrx_word' id='word_1_124' title='bbox 666 3008 812 3110; x_wconf 84' lang='lat' dir='ltr'>exiguo</span> <span class='ocrx_word' id='word_1_125' title='bbox 837 3010 1044 3088; x_wconf 88' lang='lat' dir='ltr'>literarum</span> <span class='ocrx_word' id='word_1_126' title='bbox 1075 3005 1299 3088; x_wconf 80' lang='lat' dir='ltr'>commodo</span> <span class='ocrx_word' id='word_1_127' title='bbox 1349 3055 1352 3060; x_wconf 94' lang='lat'>·</span> 
     </span>
     <span class='ocr_line' id='line_1_20' title="bbox 287 3133 1299 3246; baseline -0.001 -27"><span class='ocrx_word' id='word_1_128' title='bbox 287 3139 463 3228; x_wconf 76' lang='lat' dir='ltr'>servatus</span> <span class='ocrx_word' id='word_1_129' title='bbox 478 3139 551 3233; x_wconf 89' lang='lat' dir='ltr'>est,</span> <span class='ocrx_word' id='word_1_130' title='bbox 580 3168 672 3220; x_wconf 85' lang='lat' dir='ltr'>cum</span> <span class='ocrx_word' id='word_1_131' title='bbox 692 3141 816 3244; x_wconf 76' lang='lat' dir='ltr'>ipsius</span> <span class='ocrx_word' id='word_1_132' title='bbox 833 3143 928 3223; x_wconf 87' lang='lat' dir='ltr'>libri</span> <span class='ocrx_word' id='word_1_133' title='bbox 948 3133 1106 3223; x_wconf 78' lang='lat' dir='ltr'>noanifi</span> <span class='ocrx_word' id='word_1_134' title='bbox 1123 3143 1299 3246; x_wconf 82' lang='lat' dir='ltr'>paucula</span> 
     </span>
     <span class='ocr_line' id='line_1_21' title="bbox 201 3277 1300 3381; baseline -0.002 -25"><span class='ocrx_word' id='word_1_135' title='bbox 201 3299 208 3320; x_wconf 83' lang='lat'><em>&#39;</em></span> <span class='ocrx_word' id='word_1_136' title='bbox 288 3277 510 3381; x_wconf 81' lang='lat' dir='ltr'>fragmenta</span> <span class='ocrx_word' id='word_1_137' title='bbox 529 3277 580 3354; x_wconf 84' lang='lat' dir='ltr'>ad</span> <span class='ocrx_word' id='word_1_138' title='bbox 604 3301 679 3355; x_wconf 85' lang='lat' dir='ltr'>nos</span> <span class='ocrx_word' id='word_1_139' title='bbox 703 3280 982 3378; x_wconf 82' lang='lat' dir='ltr'>pervenerint,</span> <span class='ocrx_word' id='word_1_140' title='bbox 1019 3279 1138 3358; x_wconf 87' lang='lat' dir='ltr'>hoc</span> <span class='ocrx_word' id='word_1_141' title='bbox 1125 3303 1300 3380; x_wconf 84' lang='lat' dir='ltr'>mquam</span> 
     </span>
    </p>
   </div>
   <div class='ocr_carea' id='block_1_7' title="bbox 67 3379 1299 3521">
    <p class='ocr_par' dir='ltr' id='par_1_8' title="bbox 67 3379 1299 3521">
     <span class='ocr_line' id='line_1_22' title="bbox 67 3379 1299 3521; baseline -0.002 -31"><span class='ocrx_word' id='word_1_142' title='bbox 67 3385 69 3394; x_wconf 70' lang='lat'>,</span> <span class='ocrx_word' id='word_1_143' title='bbox 128 3427 132 3434; x_wconf 86' lang='lat'>&#39;</span> <span class='ocrx_word' id='word_1_144' title='bbox 285 3411 424 3490; x_wconf 82' lang='lat' dir='ltr'>indice</span> <span class='ocrx_word' id='word_1_145' title='bbox 455 3427 636 3516; x_wconf 87' lang='lat' dir='ltr'>apparet,</span> <span class='ocrx_word' id='word_1_146' title='bbox 682 3414 803 3490; x_wconf 86' lang='lat' dir='ltr'>etiarn</span> <span class='ocrx_word' id='word_1_147' title='bbox 830 3416 887 3490; x_wconf 92' lang='lat' dir='ltr'><strong>M</strong></span> <span class='ocrx_word' id='word_1_148' title='bbox 910 3379 1021 3490; x_wconf 85' lang='lat' dir='ltr'>Fabii</span> <span class='ocrx_word' id='word_1_149' title='bbox 1052 3413 1299 3521; x_wconf 85' lang='lat' dir='ltr'>Quintiliani</span> 
     </span>
    </p>
   </div>
   <div class='ocr_carea' id='block_1_8' title="bbox 228 3544 1413 4203">
    <p class='ocr_par' dir='ltr' id='par_1_9' title="bbox 228 3544 1413 4203">
     <span class='ocr_line' id='line_1_23' title="bbox 290 3544 1302 3650; baseline 0.001 -25"><span class='ocrx_word' id='word_1_150' title='bbox 290 3551 415 3626; x_wconf 88' lang='lat' dir='ltr'>vitam</span> <span class='ocrx_word' id='word_1_151' title='bbox 428 3545 611 3650; x_wconf 83' lang='lat' dir='ltr'>scriptam</span> <span class='ocrx_word' id='word_1_152' title='bbox 629 3544 770 3624; x_wconf 82' lang='lat' dir='ltr'>fuiiie</span> <span class='ocrx_word' id='word_1_153' title='bbox 758 3573 803 3624; x_wconf 88' lang='lat' dir='ltr'>m</span> <span class='ocrx_word' id='word_1_154' title='bbox 817 3545 892 3626; x_wconf 89' lang='lat' dir='ltr'>isto</span> <span class='ocrx_word' id='word_1_155' title='bbox 905 3573 1028 3650; x_wconf 88' lang='lat' dir='ltr'>opere</span> <span class='ocrx_word' id='word_1_156' title='bbox 1045 3547 1302 3648; x_wconf 87' lang='lat' dir='ltr'>aTranquil-</span> 
     </span>
     <span class='ocr_line' id='line_1_24' title="bbox 291 3681 1302 3786; baseline -0.001 -28"><span class='ocrx_word' id='word_1_157' title='bbox 291 3681 345 3762; x_wconf 82' lang='lat' dir='ltr'>lo.</span> <span class='ocrx_word' id='word_1_158' title='bbox 388 3689 571 3761; x_wconf 56' lang='lat' dir='ltr'>*Tantus</span> <span class='ocrx_word' id='word_1_159' title='bbox 601 3699 741 3760; x_wconf 82' lang='lat' dir='ltr'>auctor</span> <span class='ocrx_word' id='word_1_160' title='bbox 770 3681 886 3758; x_wconf 81' lang='lat' dir='ltr'>facile</span> <span class='ocrx_word' id='word_1_161' title='bbox 914 3699 1143 3786; x_wconf 83' lang='lat' dir='ltr'>praegravat</span> <span class='ocrx_word' id='word_1_162' title='bbox 1175 3681 1302 3783; x_wconf 86' lang='lat' dir='ltr'>quid-</span> 
     </span>
     <span class='ocr_line' id='line_1_25' title="bbox 292 3817 1302 3918; baseline 0.001 -23"><span class='ocrx_word' id='word_1_163' title='bbox 292 3817 394 3918; x_wconf 87' lang='lat' dir='ltr'>quid</span> <span class='ocrx_word' id='word_1_164' title='bbox 421 3833 557 3896; x_wconf 84' lang='lat' dir='ltr'>contra</span> <span class='ocrx_word' id='word_1_165' title='bbox 588 3819 655 3894; x_wconf 89' lang='lat' dir='ltr'>vel</span> <span class='ocrx_word' id='word_1_166' title='bbox 685 3845 708 3892; x_wconf 89' lang='lat' dir='ltr'>a</span> <span class='ocrx_word' id='word_1_167' title='bbox 738 3819 1026 3896; x_wconf 87' lang='lat' dir='ltr'>recentioribus</span> <span class='ocrx_word' id='word_1_168' title='bbox 1054 3817 1204 3894; x_wconf 88' lang='lat' dir='ltr'>dicitur</span> <span class='ocrx_word' id='word_1_169' title='bbox 1227 3820 1302 3896; x_wconf 85' lang='lat' dir='ltr'>vel</span> 
     </span>
     <span class='ocr_line' id='line_1_26' title="bbox 228 3951 1300 4055; baseline 0.004 -28"><span class='ocrx_word' id='word_1_170' title='bbox 228 4047 233 4055; x_wconf 24' lang='grc' dir='ltr'>Ι</span> <span class='ocrx_word' id='word_1_171' title='bbox 293 3955 519 4046; x_wconf 76' lang='lat' dir='ltr'>conjectura</span> <span class='ocrx_word' id='word_1_172' title='bbox 561 3953 715 4052; x_wconf 90' lang='lat' dir='ltr'>alioqui</span> <span class='ocrx_word' id='word_1_173' title='bbox 755 3951 846 4028; x_wconf 82' lang='lat' dir='ltr'>satis</span> <span class='ocrx_word' id='word_1_174' title='bbox 887 3952 1087 4054; x_wconf 87' lang='lat' dir='ltr'>probabili</span> <span class='ocrx_word' id='word_1_175' title='bbox 1128 3953 1300 4032; x_wconf 85' lang='lat' dir='ltr'>eruitur.</span> 
     </span>
     <span class='ocr_line' id='line_1_27' title="bbox 291 4085 1413 4203; baseline 0 -37"><span class='ocrx_word' id='word_1_176' title='bbox 291 4087 392 4168; x_wconf 87' lang='lat' dir='ltr'>Non</span> <span class='ocrx_word' id='word_1_177' title='bbox 423 4085 480 4164; x_wconf 81' lang='lat' dir='ltr'>est</span> <span class='ocrx_word' id='word_1_178' title='bbox 510 4085 737 4177; x_wconf 80' lang='lat' dir='ltr'>audiendus</span> <span class='ocrx_word' id='word_1_179' title='bbox 768 4089 895 4191; x_wconf 84' lang='lat' dir='ltr'>igitur</span> <span class='ocrx_word' id='word_1_180' title='bbox 928 4111 1156 4190; x_wconf 81' lang='lat' dir='ltr'>anonymus</span> <span class='ocrx_word' id='word_1_181' title='bbox 1188 4088 1302 4166; x_wconf 84' lang='lat' dir='ltr'>vitae</span> <span class='ocrx_word' id='word_1_182' title='bbox 1412 4191 1413 4203; x_wconf 15' lang='grc' dir='ltr'><strong><em>Ν</em></strong></span> 
     </span>
    </p>
   </div>
   <div class='ocr_carea' id='block_1_9' title="bbox 0 0 1443 4778">
    <p class='ocr_par' dir='ltr' id='par_1_10' title="bbox 0 0 1443 4778">
     <span class='ocr_line' id='line_1_28' title="bbox 0 0 1443 4778; baseline 0 0"><span class='ocrx_word' id='word_1_183' title='bbox 0 0 1443 4778; x_wconf 95' lang='lat' dir='ltr'> </span> 
     </span>
    </p>
   </div>
  </div>
 </body>
</html>
