2870 4792
271 343 351 452 ¹276
513 339 571 412 tu.
595 339 699 411 rau.
726 295 1039 432 numanum
1135 350 1141 368 ·

280 533 380 606 enim
398 551 484 603 eum
502 523 629 602 odltuc
641 522 793 602 melius:
822 523 1144 624 quatenus'nullo
1158 525 1281 625 magis

231 643 427 732 ttstudia,
463 669 583 742 qutun
606 638 694 741 spe,
735 637 917 742 gaudent.
990 639 1115 714 Aliter
1148 655 1283 716 autent

281 761 357 835 alia
374 774 474 834 aetas
489 743 734 832 emendanda
749 751 823 846 est,
852 770 891 830 et
904 753 1117 856 promodo
1131 757 1282 850 ¹uirium
1292 777 1358 844 140

207 903 211 916 ·
280 891 321 950 et
346 873 585 974 exigendum
612 897 732 972 opus,
762 887 801 945 et
825 867 1117 970 corrigendum.
1176 871 1286 946 Sole·

104 1013 114 1052 Ι
280 989 372 1066 barn
390 1013 464 1088 ego
483 987 614 1062 dicere
632 989 784 1087 pueris,
808 983 962 1086 aliquid
979 981 1079 1062 aulis
1100 985 1286 1060 licentius
1360 1061 1367 1075 ,

282 1119 350 1180 aut
367 1104 518 1192 laetius,
539 1102 703 1178 laudare
718 1101 816 1178 illud
830 1127 890 1176 me
904 1097 1051 1196 odlzu05
1079 1115 1286 1178 uenturum

282 1219 450 1318 tempus,
473 1245 549 1318 (suo
572 1219 670 1292 idem
690 1243 765 1293 uon
784 1219 1066 1315 permitterem„
1086 1216 1140 1289 ita
1163 1230 1203 1288 et
1225 1217 1288 1289 in-

282 1337 402 1436 genio
419 1333 660 1434 gaudebant,
689 1348 728 1407 et
752 1331 903 1428 judicio
929 1355 1014 1408 non
1035 1327 1286 1406 fallebantur.

237 1447 360 1528 saSed
378 1464 424 1524 ut
446 1474 495 1523 eo
516 1464 708 1536 revertar,
737 1445 847 1524 unde
867 1443 957 1522 sum
979 1441 1166 1546 egressus:
1196 1469 1288 1520 nar·

282 1567 453 1641 rationes
480 1561 569 1639 stilo
598 1563 788 1663 componi
812 1576 959 1661 quanta
980 1564 1150 1638 maxima
1174 1559 1286 1662 poffit

282 1677 458 1780 adhibita
490 1677 696 1776 diligentia
724 1677 830 1752 volo.
898 1679 1024 1764 Nam,
1061 1691 1108 1751 ut
1140 1678 1286 1776 primu,

283 1818 377 1891 oum
398 1789 525 1868 senno
539 1789 776 1880 instituitur,
803 1788 934 1892 dicere
949 1813 1049 1890 quae
1064 1789 1286 1879 audierint,

281 1907 383 1984 utile
398 1903 452 1980 est
468 1907 604 2006 pueris
619 1905 669 1980 ad
689 1903 885 2004 loquendi
901 1903 1125 1982 facultatem
1134 1933 1145 1997 ;
1173 1891 1287 1982 ideo·

156 2073 162 2084 ·
282 2046 363 2122 que
388 2036 427 2094 et
452 2037 557 2099 retro
581 2045 694 2120 agere
716 2017 1017 2121 exposttionem,
1052 2037 1133 2095 eta
1154 2019 1291 2118 media

282 2138 327 2214 in
356 2153 568 2236 utramque
599 2151 750 2236 partem
783 2132 1001 2210 discurrere
1027 2134 1117 2211 sane
1141 2139 1286 2214 merito

284 2267 497 2352 cogentum
539 2249 606 2325 sed
636 2249 682 2328 ad
711 2253 908 2349 gremium
934 2255 1217 2352 praeceptoris,
1247 2269 1286 2328 et

258 2397 262 2406 ·
283 2365 384 2444 dum
407 2366 518 2444 aliud
538 2393 622 2443 nou
647 2363 826 2468 possunt,
852 2381 890 2440 et
907 2365 1006 2444 dum
1022 2392 1083 2444 res
1104 2393 1146 2443 ac
1164 2369 1286 2444 verba

283 2579 473 2642 commutent,
495 2601 594 2658 parurn
616 2597 690 2644 erat,
711 2581 846 2638 tractandi
866 2580 985 2638 verbum
1007 2587 1062 2640 stne
1084 2585 1286 2660 praepositione

281 2663 436 2718 dimittere.
554 2669 616 2722 dum
631 2665 903 2744 aliruluonpoffuut.
943 2669 1036 2724 Guels.
1052 2685 1080 2724 et
1093 2671 1189 2726 Turie.
1204 2671 1289 2725 omit·

284 2761 349 2804 tunt
365 2747 524 2802 assultum
539 2751 624 2806 Goth.
634 2767 660 2806 et
675 2749 772 2804 multia
789 2750 834 2804 ull.
858 2753 918 2806 luto
931 2751 1030 2810 dubito
1042 2774 1075 2808 en
1092 2773 1188 2808 omues
1196 2755 1287 2812 codd.

196 2837 199 2842 ’
282 2832 414 2912 ignorent
428 2851 536 2886 vocem.
580 2837 651 2891 Cum
667 2836 740 2888 euim
758 2849 827 2888 vett.
843 2835 905 2888 edd.
923 2856 953 2890 eo
967 2853 1074 2893 careant
1090 2838 1237 2913 pleraeque
1251 2862 1288 2898 ue

283 2917 486 2974 enuit-rentium
502 2917 615 2988 quidem
623 2919 741 2975 Codices
750 2919 922 2974 criticorum
935 2923 995 2976 satit
1012 2921 1288 2990 tituestobtervntu,

283 3019 342 3076 quo
355 3003 469 3054 nomine
483 3015 509 3053 et
519 3001 634 3058 Gibsoni
649 3003 682 3056 de
699 3001 751 3061 luit
767 3003 854 3058 Codd.
871 3004 1009 3060 silentium
1025 3027 1082 3062 nou
1096 3009 1191 3087 ungui
1204 3011 1286 3068 latio.

283 3085 381 3140 Seustu
404 3103 460 3137 uon
484 3087 601 3140 omnino
622 3086 716 3164 nullut
741 3087 792 3148 est.
821 3089 977 3166 proscripto
1000 3093 1049 3148 isto
1072 3093 1158 3148 eliud.
1211 3097 1288 3154 Turn

283 3169 366 3256 pueri
389 3167 562 3244 jubebuntur
582 3172 621 3224 ite
643 3172 780 3232 exerceri,
801 3171 935 3244 quamdiu
952 3177 1077 3231 nondum
1099 3178 1210 3256 possunt
1225 3199 1288 3236 uer·

284 3271 360 3317 τινος
383 3244 494 3308 amulae
506 3273 576 3308 vero
589 3257 648 3327 ejue
664 3257 705 3309 rei
719 3254 876 3310 l'aculteteut
894 3256 987 3333 adepti
1003 3262 1123 3325 suerint,
1139 3263 1289 3322 omittetur

283 3356 316 3394 ee
329 3337 508 3399 exercitatio,
529 3357 565 3392 ue
578 3338 657 3394 abeat
670 3339 700 3393 in
714 3341 912 3396 circulatoriam
921 3347 1106 3414 jactationem.
1147 3349 1288 3412 Amen.

480 3428 486 3450 x
618 3416 624 3429 ,
787 3421 790 3428 .

326 3505 403 3562 nollo
416 3509 511 3582 nugis.
543 3505 655 3560 Idoneit
672 3523 765 3562 exem·
847 3527 989 3588 eoguntur.
1028 3513 1288 3588 Conittuctivutest

283 3589 339 3666 plia
362 3589 442 3646 docet
463 3595 640 3648 Burmannus
664 3591 699 3646 de
723 3592 765 3674 itt·
804 3597 998 3672 praecipientia
1017 3599 1174 3676 scriptoris.
1194 3621 1287 3678 neque

283 3675 762 3751 dustriastenulludieiptouuslare.
804 3679 878 3734 enim
904 3682 1006 3756 pendet
1029 3703 1044 3738 ι
1066 3685 1201 3746 structura
1225 3705 1287 3744 ort·
1404 3667 1405 3674 ἵ

171 3803 174 3808 .
284 3777 307 3814 e.
324 3779 352 3837 g.
372 3773 399 3820 2,
419 3757 465 3820 ιθ,
485 3775 519 3813 12
537 3761 630 3820 ..uulso
646 3761 763 3844 ningit.“
803 3764 900 3820 tionis.

284 3855 313 3910 5,
328 3853 357 3912 θ.
373 3845 499 3909 metullo
513 3845 569 3899 alio
582 3873 623 3888 -
637 3843 764 3900 distante·
845 3849 884 3904 od
911 3855 1055 3924 gremium.
1089 3855 1229 3928 praesente
1256 3873 1286 3914 et

284 3935 313 3993 5,
328 3936 357 3996 4,
378 3937 413 3996 ²4
431 3929 525 3986 „uulso
540 3927 660 3986 differto
803 3949 917 4010 regente
940 3951 1131 4022 praeceptore,
1159 3958 1196 3995 ue
1215 3941 1287 4018 quid

323 4007 527 4086 expositionem.
575 4015 694 4068 Tirone·
715 4011 764 4070 ob-
803 4019 884 4092 pravi
900 4019 1061 4076 inolescet·

280 4093 391 4192 servent
418 4093 494 4148 idem
516 4095 569 4152 effe
595 4097 708 4172 prorsus
732 4117 763 4153 ee
846 4101 908 4156 dum
924 4103 1001 4162 atiud
1013 4126 1068 4164 nort
1080 4107 1201 4190 poffuttt·
1222 4111 1282 4169 vie

278 4191 469 4233 eerrottouem.
534 4251 536 4255 v
805 4185 951 4256 uot.,Crit.

715 4361 723 4400 l
